2738 4146
123 120 184 180 124
355 130 463 180 LIBER
481 129 551 179 XXI.
571 129 647 180 CAP.
665 132 706 179 21.
725 132 766 181 22.
786 131 827 179 23.
845 127 882 198 [a.
900 129 933 180 U.
953 146 976 180 e.
994 126 1066 197 536}

174 305 239 386 gini
276 301 439 391 praesidio
477 323 559 382 esse,
597 304 714 387 partim
748 299 897 366 distribui
934 323 993 387 per
1030 300 1177 366 Africam
1211 301 1311 366 iubct.

175 386 269 453 simul
292 409 353 453 con
376 387 563 452 uisitoribus
594 390 627 450 in
650 389 795 451 civitates
818 389 923 451 missis
947 395 1099 472 quattuor
1127 386 1217 451 milia
1240 409 1312 453 oon·

175 477 295 560 scripta
317 411 463 538 deiectae
494 475 679 553 iuventutis,
710 473 909 559 praesidium
942 471 1075 537 eosdem
1107 481 1139 537 et
1171 473 1312 556 obsides,

176 561 251 625 duci
274 558 504 642 Carthaginem
524 557 623 623 iubet.

141 673 155 720 1
277 645 388 709 XXII.
412 644 527 731 Neque
549 645 740 732 Hispaniam
767 642 1005 726 neglegendam
1027 653 1127 724 ratus,
1161 655 1259 730 atque
1281 645 1312 709 id

175 754 214 796 eo
237 734 351 812 minus,
384 731 469 818 quod
494 730 583 795 haud
613 733 745 814 ignarus
769 739 837 794 erat
859 729 1059 794 circumitam
1091 729 1133 794 ab
1158 730 1311 796 Romanis

176 840 248 882 eam
270 818 384 902 legatis
416 816 459 879 ad
482 814 700 881 sollicitandos
731 818 913 904 principum
945 818 1078 896 animos,
1109 815 1311 882 Hasdrubali

139 928 154 975 2
175 903 277 978 fratri,
301 907 370 968 viro
386 906 523 990 inpigro,
547 924 618 966 eam
633 904 834 989 provinciam
850 901 988 966 destinat
1004 901 1112 966 firmat
1133 925 1177 967 ue
1192 901 1312 968 Africis

174 992 316 1054 maxime
337 990 518 1075 praesidiis,
541 988 687 1075 peditum
707 987 862 1052 Afrorum
884 987 1035 1052 undecim
1058 986 1127 1052 mili
1151 1011 1189 1052 us
1214 991 1311 1054 octin-

176 1078 278 1159 gentis
296 1077 536 1162 quinquaginta,
552 1075 728 1157 Liguribus
743 1075 904 1142 trecentis,
916 1072 1100 1138 Baliaribus
1118 1076 1312 1160 quingentis.

141 1188 156 1236 3
176 1162 218 1225 ad
240 1161 322 1226 haec
343 1162 489 1248 peditum
511 1163 631 1225 auxilia
652 1160 754 1224 additi
777 1162 900 1246 equites
922 1158 1198 1247 Libyphoenices,
1232 1163 1312 1226 mix·

175 1257 244 1312 tum
265 1247 425 1312 Punicum
439 1245 528 1310 Afn‘s
551 1268 663 1330 genus,
688 1245 915 1332 quadringenti
937 1247 1171 1331 quinquaginta
1196 1255 1230 1311 et
1246 1246 1312 1310 Nu·

175 1333 282 1397 midae
298 1333 477 1419 Maurique,
501 1331 632 1397 accolae
650 1330 782 1412 Oceani,
806 1331 847 1394 ad
864 1329 951 1395 mille
968 1333 1141 1415 octingenti
1157 1340 1192 1396 et
1210 1354 1313 1420 parva

176 1418 351 1503 Ilergetum
373 1441 487 1483 manus
511 1440 553 1482 ex
574 1418 741 1504 Hispania,
765 1420 902 1482 trecenti
924 1419 1058 1503 equites,
1092 1426 1133 1496 et,
1156 1439 1199 1482 ne
1224 1418 1311 1505 quod

140 1535 157 1582 4
174 1508 336 1570 terrestris
353 1505 482 1569 deesset
504 1504 615 1569 auxilii
631 1526 742 1586 genus,
768 1502 930 1590 elephanti
951 1504 1065 1586 viginti
1080 1525 1175 1568 unus.
1199 1503 1312 1570 classis

198 1602 343 1655 raeterea
366 1590 443 1654 data
457 1591 498 1653 ad
521 1590 676 1655 tuendam
690 1591 883 1654 maritimam
907 1611 1006 1667 oram,
1052 1590 1115 1672 uia,
1139 1612 1205 1676 qua
1220 1600 1313 1677 parte

175 1616 252 1741 belli
274 1679 428 1755 vicerant,
461 1698 500 1741 ea
520 1685 590 1740 tum
613 1697 742 1762 quoque
765 1697 835 1740 rem
857 1676 1005 1758 gesturos
1028 1611 1194 1741 Homonos
1219 1677 1311 1742 credi

175 1772 313 1850 poterat,
358 1765 588 1849 quinquaginta
637 1764 896 1848 quinqueremes,
947 1761 1170 1847 quadriremes
1216 1762 1311 1843 duae,

177 1854 325 1915 triremes
353 1853 509 1934 quinque,
544 1848 600 1911 sed
625 1857 718 1934 aptae
748 1850 988 1933 instructaeque
1019 1849 1155 1930 remigio
1178 1850 1313 1933 triginta

176 1945 208 2000 et
230 1935 314 2000 duae
337 1937 585 2021 quinqueremes
609 1943 701 1997 erant
726 1943 758 1998 et
778 1935 926 1997 triremes
950 1935 1101 2019 quinque.

140 2040 155 2086 5
278 2019 329 2084 Ab
354 2019 502 2084 Gadibus
526 2016 757 2102 Carthaginem
789 2019 828 2082 ad
862 2018 998 2084 hiberna
1021 2021 1185 2085 exercitus
1209 2021 1312 2102 rerlit3

176 2117 274 2193 atque
296 2106 371 2171 inde
403 2106 568 2192 profectus
601 2117 732 2193 praeter
756 2105 901 2170 Onusam
931 2104 1048 2169 urbem
1079 2104 1122 2168 ad
1149 2104 1314 2172 Hiberum

141 2215 233 2279 aper
255 2195 447 2257 maritimam
471 2214 560 2256 oram
584 2191 681 2256 ducit.
705 2191 750 2256 ibi
772 2191 859 2256 fama
882 2192 984 2255 estin
1007 2192 1115 2278 quiete
1135 2193 1243 2257 visum
1270 2193 1312 2258 ab

176 2301 213 2344 eo
236 2281 387 2343 iuvenem
411 2278 519 2342 divina
542 2279 660 2363 specie,
684 2281 739 2364 qui
762 2300 797 2342 se
820 2276 861 2341 ab
883 2277 963 2341 Iove
988 2276 1112 2341 diceret
1134 2277 1255 2344 ducem
1277 2281 1312 2344 in

174 2364 301 2430 Italiam
323 2363 499 2429 Hannibali
521 2367 668 2428 missum:
691 2363 828 2450 proinde
844 2372 1035 2450 sequeretur
1049 2385 1157 2450 neque
1172 2387 1312 2452 usquam

141 2474 251 2528 7ase
284 2450 474 2516 deflecteret
501 2449 620 2515 oculos.
659 2450 814 2536 pavidum
844 2451 949 2536 primo
982 2471 1142 2535 nusquam
1174 2453 1310 2516 circum·

175 2540 364 2625 spicientem
396 2546 452 2601 aut
483 2539 711 2622 respicientem
733 2545 895 2613 secutum;
931 2535 1048 2599 deinde
1081 2557 1162 2600 cura
1191 2538 1312 2621 ingenii

175 2623 317 2706 humani,
342 2647 425 2704 cum,
451 2623 605 2710 quidnam
627 2622 659 2686 id
678 2632 772 2703 esset,
796 2621 881 2707 quod
899 2623 1064 2709 respicere
1079 2623 1199 2688 vetitus
1215 2632 1310 2706 esset,

54 2785 57 2790 .
140 2742 156 2788 g
174 2713 312 2793 agitaret
334 2712 450 2790 animo,
474 2719 657 2793 temperare
678 2706 779 2772 oeulis
796 2709 993 2793 nequivisse3
1016 2718 1086 2773 tum
1100 2707 1223 2774 vidisse
1237 2717 1312 2796 post

175 2817 247 2860 sese
271 2805 455 2882 serpentem
487 2797 568 2859 mira
599 2793 822 2876 magnitudine
850 2815 925 2858 cum
947 2796 1070 2877 ingenti
1092 2793 1250 2860 arborum
1273 2817 1312 2861 ac

174 2879 389 2963 virgultorum
412 2890 521 2962 strage
544 2881 621 2944 ferri
644 2902 681 2943 ac
704 2889 779 2965 post
800 2881 926 2965 insequi
961 2900 1034 2943 cum
1065 2879 1197 2964 fragore
1230 2879 1311 2946 caeli

140 2966 328 3031 enimbum.
352 2976 431 3047 tum,
455 2989 538 3053 quae
569 2966 671 3031 moles
704 2987 743 3028 ea
773 2964 892 3052 quidve
923 2965 1062 3051 prodigii
1086 2975 1182 3048 esset,
1212 2990 1309 3054 quae·

175 3064 301 3118 rentem
324 3053 454 3117 audisse
476 3055 660 3117 vastitatem
683 3050 797 3116 Italiae
829 3073 915 3117 esse:
947 3062 1101 3138 pergeret
1130 3075 1230 3139 porro
1262 3056 1311 3119 ire

174 3163 235 3205 nec
257 3138 342 3203 ultra
363 3141 542 3225 inquireret
564 3141 749 3224 sineretque
771 3137 891 3203 fatain
915 3137 1043 3203 occulto
1067 3159 1149 3203 esse.

141 3244 153 3289 1
278 3224 408 3288 XXIII.
444 3225 519 3290 Hoc
555 3227 628 3289 visu
664 3223 768 3289 laetus
805 3227 966 3311 tripertito
1003 3224 1165 3290 Hiberum
1202 3229 1311 3315 copias

174 3314 301 3377 traiecit
322 3313 518 3399 praemissis,
546 3313 601 3397 qui
625 3309 794 3375 Gallorum
826 3313 959 3389 animos,
993 3334 1057 3396 qua
1091 3311 1312 3380 traducendus

176 3401 339 3463 exercitus
363 3408 440 3475 erat,
468 3398 559 3462 donis
593 3396 802 3462 conciliarent
830 3393 1025 3482 Alpiumque
1057 3399 1209 3465 transitus
1242 3423 1312 3487 spe·

177 3483 372 3549 cularentur.
397 3486 571 3565 nonaginta
594 3482 683 3547 milia
702 3482 858 3570 peditum,
875 3480 1048 3547 duodecim
1064 3482 1152 3548 milia
1169 3489 1313 3573 equitum

140 3588 156 3633 a
177 3570 336 3633 Hiberum
357 3570 510 3633 traduxit.
534 3568 692 3652 Ilergetes
714 3567 791 3633 inde
806 3565 1048 3655 Bargusiosque
1072 3579 1104 3634 et
1125 3569 1311 3639 Ausetanos

177 3665 209 3718 et
231 3655 446 3727 Lacetaniam,
472 3676 554 3741 quae
578 3653 724 3719 subiecta
738 3652 914 3738 Pyrenaeis
931 3655 1092 3721 montibus
1109 3666 1167 3741 est,
1184 3658 1314 3738 subegit

178 3763 319 3828 oraeque
342 3742 417 3806 huic
441 3743 527 3805 omni
548 3739 704 3826 praefecit
726 3739 929 3814 Hannonem,
953 3750 989 3803 ut
1009 3741 1130 3826 fauces,
1154 3767 1239 3832 quae
1255 3736 1312 3812 Hi·

136 3831 305 3911 aspanias
339 3825 452 3892 Galliis
486 3830 631 3908 iungunt,
663 3828 694 3889 in
724 3832 883 3911 potestate
920 3836 1035 3889 essent.
1076 3828 1191 3896 decem
1224 3831 1313 3898 milia

858 4080 934 4100 Α
