2738 4146
104 143 166 202 196
425 156 532 206 LIBER
550 157 635 208 XXII.
655 156 730 210 OAP.
747 160 789 208 49.
810 157 843 225 [a.
862 157 896 209 U.
914 173 936 208 o.
954 158 1024 226 538}

155 313 258 399 pedes
283 311 483 377 descendere
500 313 636 396 equites,
660 312 783 377 dixisse
798 312 1018 377 Hannibalem
1039 315 1149 377 ferunt
1172 335 1289 399 „quam

115 417 136 464 4
155 397 296 480 mallem,
320 399 446 462 vinctos
468 397 552 467 mihi¹
570 398 746 463 traderat“.
771 400 915 484 equitum
938 399 1093 485 pedestre
1114 399 1288 485 proelium,

156 484 253 571 quale
275 486 340 549 iam
363 483 567 547 hauddubie
588 482 731 548 hostium
747 485 893 568 victoria,
916 484 986 566 fuit,
1011 479 1084 551 oum
1106 486 1186 549 victi
1208 485 1290 550 mori

155 573 188 634 in
210 571 348 653 vestigio
380 568 514 633 mallent
548 592 645 653 quam
679 569 802 653 fugere,
835 571 975 634 victores
998 571 1200 636 morantibus
1223 572 1290 636 vio·

119 658 273 723 storiam
303 657 377 720 irati
399 655 610 739 trucidarent,
643 676 725 739 quos
758 655 882 741 pellere
913 679 978 721 non
1000 667 1162 742 poterant.
1187 680 1288 743 pepu-

155 741 264 808 lerunt
286 753 396 807 tamen
411 743 476 805 iam
499 763 622 826 paucos
638 752 829 827 superantes
853 752 886 807 et
904 741 1019 806 labore
1042 765 1081 807 ac
1096 743 1290 808 vulneribus

155 828 269 893 fessos.
300 828 377 892 inde
410 827 558 912 dissipati
580 849 692 892 omnes
726 839 802 892 sunt
834 851 1002 914 equosque
1033 830 1076 894 ad
1098 829 1211 913 fugam
1235 831 1289 916 qui

119 924 307 1003 opoterant
336 913 538 999 repetebant.
578 912 635 978 On.
668 912 826 978 Lentulus
856 914 1006 979 tribunus
1037 915 1176 979 militum
1215 938 1289 980 oum

155 999 413 1089 praetervehens
430 1021 515 1085 equo
532 1000 700 1064 sedentem
722 1001 754 1063 in
778 1023 857 1064 saxo
882 1023 997 1065 cruore
1020 1000 1192 1087 oppletum
1215 1024 1288 1067 oon-

121 1087 260 1155 tsulem
283 1087 428 1167 vidisset,
463 1084 520 1167 ,L.
543 1084 682 1151 Aemili“
715 1087 829 1174 inquit,
854 1108 973 1173 „quem
1003 1110 1104 1152 unum
1126 1089 1289 1152 insontem

157 1172 272 1259 culpae
304 1171 405 1236 cladis
438 1171 618 1236 hodiernae
650 1172 702 1236 dei
733 1174 897 1257 respicere
931 1173 1062 1257 debent,
1097 1196 1180 1260 cape
1202 1172 1291 1240 hunc

157 1282 287 1346 equum,
320 1258 398 1321 dum
421 1270 454 1322 et
475 1257 534 1322 tibi
556 1259 673 1323 virium
705 1258 828 1344 aliquid
859 1268 1011 1344 superest
1038 1269 1071 1324 et
1093 1267 1289 1344 comes‘ego

121 1356 190 1416 ate
212 1345 327 1410 tollere
358 1365 493 1428 possum
516 1367 555 1408 ac
576 1355 759 1429 protegere.
782 1367 824 1410 ne
846 1345 1006 1410 funestam
1036 1344 1122 1409 hanc
1143 1368 1289 1432 pugnarn

156 1442 261 1497 morte
294 1429 433 1494 consulis
468 1431 601 1511 feceris,
639 1433 737 1495 etiam
770 1432 839 1494 sine
868 1430 933 1494 hoc
963 1430 1171 1496 lacrimarum
1209 1434 1291 1496 satis

121 1518 328 1604 eluctusque
366 1517 446 1581 estt.
484 1515 524 1579 ad
558 1539 597 1582 ea
628 1516 753 1582 consul:
794 1527 849 1601 „tu
880 1516 1021 1604 quidem,
1054 1516 1113 1601 On.
1146 1516 1290 1601 Corneli,

158 1613 266 1669 macte
292 1604 412 1668 virtute
434 1613 518 1685 esto;
550 1604 608 1667 sed
643 1625 734 1685 cave,
765 1603 886 1667 frustra
916 1603 1104 1668 miserando
1132 1605 1289 1688 exiguum
1339 1616 1343 1624 '

104 1716 140 1764 10
158 1700 329 1774 tempusa
360 1687 508 1753 manibus
539 1688 681 1754 hostium
714 1689 876 1754 evadendi
897 1688 1059 1754 absumas.
1087 1689 1151 1771 abi,
1174 1692 1291 1755 nuntia

158 1777 289 1862 publice
311 1774 469 1861 patribus,
500 1775 616 1840 urbem
637 1775 817 1839 Romanam
839 1776 987 1840 muniant
1017 1797 1065 1859 ac,
1096 1777 1187 1860 prius
1202 1771 1289 1841 'uam

157 1865 263 1928 victor
284 1861 388 1927 hostis
410 1861 551 1938 advenit,
583 1862 754 1945 praesidiis
776 1861 919 1944 firment3
941 1862 1095 1946 privatim
1118 1860 1158 1942 Q.
1182 1799 1290 1929 dabie

157 1948 334 2014 Aemilium
357 1956 607 2033 praeceptorum
631 1948 700 2012 eius
722 1969 900 2011 memorem
924 1951 962 2011 et
976 1948 1098 2013 vixisse
1121 1947 1232 2013 adhuc
1255 1957 1290 2014 et

105 2057 138 2105 11
158 2036 250 2099 mori.
274 2042 395 2098 memet
426 2033 459 2095 in
482 2034 543 2096 hac
576 2043 684 2116 strage
706 2033 844 2097 militum
871 2055 1020 2100 meorum
1041 2043 1155 2118 patere
1178 2035 1287 2119 exspi-

158 2142 242 2203 rare,
264 2143 305 2184 ne
322 2130 378 2184 aut
400 2140 476 2182 reus
497 2119 615 2183 iterum
637 2118 843 2184 eoonsulatu
865 2121 926 2184 sim
941 2130 997 2184 aut
1018 2129 1190 2185 accusator
1212 2142 1288 2186 oon·

158 2206 252 2292 legae
277 2207 424 2283 existam,
456 2215 493 2268 ut
515 2203 620 2269 alieno
653 2207 785 2271 crimine
811 2207 1026 2270 innocentiam
1048 2229 1155 2271 meam
1177 2216 1287 2292 prote-

88 2291 266 2379 .12gam“.
304 2293 385 2356 haec
417 2312 473 2356 eos
504 2301 639 2376 agentes
675 2293 766 2376 prius
797 2291 893 2356 turba
927 2291 1120 2376 fugientium
1155 2294 1288 2375 civium,

140 2380 277 2469 ,deinde
299 2379 410 2443 hostes
433 2399 644 2465 opp1·esse1·e;
678 2377 843 2442 consulem
864 2379 1062 2461 ignorantes,
1094 2379 1166 2464 quis
1189 2390 1289 2462 esset,

105 2491 138 2541 13
158 2467 298 2532 obruere
319 2463 403 2547 telis,
425 2464 602 2529 Lentulum
623 2465 708 2528 inter
726 2463 899 2529 tumultum
921 2465 1066 2551 abripuit
1079 2486 1193 2566 equus.
1216 2475 1287 2531 turn
1345 2478 1348 2483 ’

156 2554 301 2638 undique
332 2551 434 2615 effuse
466 2552 602 2636 fugiunt.
641 2560 766 2636 septem
796 2549 885 2614 milia
915 2549 1084 2615 hominum
1104 2573 1138 2615 m
1160 2552 1290 2617 minora

156 2649 273 2721 castra,
298 2638 412 2701 decem
432 2638 467 2700 in
480 2640 614 2720 maiora,
637 2635 702 2700 duo
725 2637 827 2701 ferme
848 2636 881 2699 in
902 2637 1011 2702 vicum
1032 2638 1140 2722 ipsum
1156 2635 1290 2704 Cannas

155 2725 382 2812 perfugerant3
422 2724 478 2809 qui
511 2720 675 2806 extemplo
708 2745 729 2786 a
760 2721 957 2787 Carthalone
988 2734 1085 2810 atque
1120 2724 1289 2812 equitibus

105 2838 138 2885 14
155 2809 244 2875 nullo
276 2810 476 2874 munimento
510 2817 641 2892 tegente
672 2809 781 2872 vicum
815 2809 1026 2875 circumventi
1049 2818 1132 2876 sunt.
1171 2808 1287 2888 consul

156 2897 249 2980 alter,
273 2918 331 2960 seu
344 2896 429 2959 forte
444 2918 502 2961 seu
522 2894 655 2958 consilio
676 2893 757 2958 nulli
778 2894 969 2978 fugientium
989 2897 1131 2980 insertus
1152 2897 1288 2982 agmini,

102 3011 138 3059 15
157 3006 230 3048 cum
253 2981 486 3067 quinquaginta
507 2981 576 3046 fere
597 2981 759 3067 equitibus
774 2981 950 3047 Venusiam
972 2982 1124 3067 perfugit.
1147 2983 1290 3085 quadra·

155 3071 245 3153 ginta
268 3067 411 3154 quinque
430 3067 519 3131 milia
541 3068 709 3153 quingenti
730 3067 869 3153 pedites,
893 3068 957 3133 duo
978 3067 1068 3133 milia
1089 3071 1289 3156 septrngenti

156 3156 280 3241 equites
316 3164 349 3218 et
370 3155 537 3220 tantadem
568 3176 672 3239 prope
704 3154 824 3218 civium
846 3155 1072 3242 sociorumque
1098 3177 1176 3242 pars
1199 3156 1289 3224 caesi

104 3272 137 3320 15
156 3241 319 3321 dicuntur;
352 3241 384 3303 in
415 3240 465 3304 his
496 3239 592 3306 ambo
625 3237 791 3304 consulum
824 3250 1023 3324 quaestores,
1046 3240 1086 3306 L.
1108 3240 1231 3309 Atilius
1252 3253 1291 3311 et

154 3329 193 3392 L.
216 3328 334 3391 Furius
358 3325 543 3406 Bibaculus,
575 3336 607 3390 et
638 3326 858 3410 undetriginta
880 3325 1002 3392 tribuni
1023 3327 1178 3412 militum,
1210 3352 1285 3396 con·

154 3412 278 3478 sulares
310 3411 442 3499 quidam
473 3414 693 3498 praetoriique
725 3420 758 3475 et
788 3411 989 3477 aedilicii-
1022 3414 1108 3479 inter
1135 3437 1192 3480 eos
1225 3415 1283 3483 On.

153 3499 328 3565 Servilium
344 3498 516 3576 Geminum
540 3508 573 3562 et
587 3498 632 3562 M.
649 3498 825 3562 Minucium
846 3508 1026 3582 numerant,
1051 3500 1107 3585 qui
1128 3503 1291 3587 magister

154 3587 300 3671 equitum
330 3586 441 3672 priore
470 3606 565 3668 anno,
596 3583 720 3669 aliquot
742 3585 833 3648 annis
865 3594 939 3650 ante
967 3583 1080 3651 consul
1102 3587 1211 3654 fuerat
1230 3627 1291 3676 —,

98 3679 134 3726 Π
154 3673 319 3755 octoginta
349 3680 522 3756 praeterea
544 3681 600 3737 aut
622 3679 790 3735 senatores
813 3680 870 3735 aut
903 3673 959 3756 qui
990 3694 1047 3737 eos
1073 3674 1288 3760 magistratus

152 3759 338 3842 gessissent,
382 3757 470 3822 unde
514 3758 547 3820 in
591 3766 740 3821 senatum
782 3753 847 3840 legi
892 3757 1061 3843 deberent,
1105 3781 1182 3827 oum
1225 3785 1291 3830 aua

87 3851 127 3925 ιε
144 3842 317 3911 voluntate
360 3842 500 3913 milites,
527 3843 563 3911 in
605 3842 788 3930 legionibus
832 3843 909 3908 facti
947 3854 1064 3909 essent.
1109 3858 1222 3934 capta
1244 3872 1288 3933 eo

243 4074 341 4112 Α
