2738 4146
46 124 156 182 ‚224
264 199 266 203 ἢ
395 138 504 187 arnan
521 138 569 187 111.
589 136 664 189 car.
683 141 725 188 sc.
746 136 779 203 [a.
797 137 830 188 u.
849 153 872 187 a
891 135 960 203 3051.

143 317 275 392 spectus
299 318 358 390 est,
392 309 539 372 strictum
562 305 659 370 etiam
681 305 782 370 telum
804 328 1039 392 respersusque
1062 303 1134 392 ipse
1158 329 1279 373 cruore

143 402 217 456 tota
235 396 268 456 in
291 416 327 458 se
350 404 459 457 castra
486 394 654 456 convertit.
690 401 722 456 et
743 403 840 475 togae
862 392 1071 455 multifariam
1102 395 1134 456 in
1160 396 1278 458 castris

141 480 232 543 visae
255 481 385 543 maioris
408 479 584 565 aliquanto,
609 499 706 561 quam
730 489 808 558 erat,
833 479 975 564 speeiem
998 479 1144 543 urbanae
1167 479 1277 543 multi·

107 579 125 627 4
142 565 262 629 tudinis
277 565 431 630 fecerant.
456 563 696 650 quaerentibus,
713 565 792 648 quid
807 567 855 628 rei
870 574 966 645 esset,
987 563 1068 628 flens
1086 565 1141 627 diu
1157 587 1277 630 vocem

142 672 209 714 non
231 652 331 732 misit3
363 651 506 731 tandem,
538 658 575 713 ut
606 651 670 713 iam
705 671 747 713 ex
769 650 987 734 trepidatione
1010 653 1276 715 concurrentium

143 735 241 800 turba
272 738 414 800 constitit
444 758 483 800 ac
515 735 677 799 silentium
708 735 778 817 fuit,
812 736 925 799 ordine
953 746 1081 818 cuncta,
1096 749 1098 752 ’
1113 745 1151 799 ut
1181 747 1278 820 gesta

108 833 243 903 terant,
268 824 429 909 exposuit.
452 823 584 907 supinas
608 821 725 885 deinde
746 822 883 885 tendens
906 843 1019 887 manus
1036 819 1276 887 commilitones

144 906 311 995 appellans
335 908 459 989 orabat,
487 930 537 989 ne,
571 908 658 991 quod
692 906 797 971 scelus
829 909 858 968 A
886 953 892 967 .
917 906 1046 972 Claudii
1077 917 1175 987 esset,
1209 908 1272 973 sibi

143 993 358 1058 attribuerent
389 1016 454 1058 neu
490 1015 526 1057 se
558 1007 593 1056 ut
627 993 824 1078 parricidam
860 930 1000 1057 liberum
1030 1004 1273 1059 aversarentur.

107 1079 205 1144 osibi
226 1082 326 1144 vitam
350 1079 437 1144 filiae
460 1101 519 1142 sua
541 1079 700 1142 cariorem
722 1079 831 1155 fuisse,
864 1080 892 1144 si
912 1078 1036 1143 liberae
1069 1101 1108 1142 ac
1130 1080 1274 1165 pudicae

142 1168 255 1229 vivere
290 1165 414 1229 licitum
451 1165 579 1246 fuisset3
621 1187 694 1228 cum
732 1164 824 1228 velut
860 1187 989 1229 servam
1024 1166 1097 1249 rapi
1133 1165 1274 1247 videret,

142 1261 248 1316 morte
293 1251 397 1314 amitti
441 1249 555 1314 melius
600 1261 706 1313 ratum
753 1273 850 1335 quam
898 1249 1093 1315 contumelia
1134 1249 1273 1334 liberos,

109 1355 124 1403 '1
142 1337 366 1419 misericordia
382 1358 417 1400 se
432 1338 465 1398 in
488 1336 631 1421 speciem
647 1335 846 1400 crudelitatis
861 1334 998 1420 lapsum.
1021 1358 1083 1401 nec
1098 1357 1133 1400 se
1159 1360 1274 1423 super-

142 1425 251 1487 stitem
272 1422 358 1485 filiae
388 1422 532 1486 futurum
565 1421 675 1503 fuisse,
706 1423 768 1485 nisi
799 1445 891 1506 spem
924 1421 1131 1486 ulciscendae
1159 1425 1274 1488 mortis

143 1510 211 1572 eius
234 1510 266 1571 in
290 1507 410 1572 auxilio
434 1507 689 1571 commilitonum
718 1506 896 1572 habuisset.
934 1507 997 1571 illis
1032 1530 1164 1594 quoque
1189 1512 1275 1573 enim

142 1594 388 1679 filias,sorores
411 1594 631 1680 coniugesque
646 1616 730 1675 esse,
752 1616 814 1658 nec
837 1617 910 1658 cum
932 1593 999 1657 filia
1022 1616 1081 1658 sua
1103 1593 1274 1658 libidinem

142 1681 207 1765 Ap.
241 1679 369 1744 Claudii
401 1680 576 1744 extinctam
609 1702 690 1756 esse,
730 1680 788 1743 sed
826 1702 890 1764 quc
927 1679 1106 1765 inpunitior
1143 1681 1195 1763 sit,
1236 1703 1274 1746 eo

106 1767 381 1834 8effrenati0rem
411 1765 491 1828 fore.
529 1763 634 1829 aliena
666 1764 851 1828 calamitate
890 1765 1121 1829 documentum
1161 1767 1275 1831 datum

142 1852 205 1916 illis
228 1851 393 1916 cavendae
417 1851 530 1919 similis
554 1853 696 1914 iniuriae.
722 1851 808 1936 quod
833 1851 875 1914 ad
898 1873 933 1915 se
957 1853 1101 1925 attineat,
1132 1874 1274 1917 uxorem

142 1937 203 2002 sibi
234 1938 299 2002 fato
325 1947 488 2022 ereptam,
520 1935 630 2018 filiam,
665 1937 741 2023 quia
771 1958 835 2000 non
866 1935 951 2000 ultra
985 1937 1105 2021 pudica
1142 1938 1275 2003 victura

107 2025 248 2105 afuerit,
272 2023 435 2103 miseram,
459 2023 517 2086 sed
542 2022 710 2086 honestam
733 2032 870 2086 mortem
887 2022 1096 2105 occubuisse3
1118 2045 1185 2087 non
1201 2047 1275 2089 esse

141 2112 206 2173 iam
229 2107 331 2195 Appii
353 2109 480 2172 libidini
510 2106 618 2173 locum
649 2109 682 2170 in
717 2107 814 2171 domo
837 2130 909 2189 sua;
947 2107 988 2171 ab
1020 2108 1084 2172 alia
1117 2109 1276 2176 violentia

143 2196 213 2260 eius
235 2197 352 2259 eodem
374 2216 409 2258 se
432 2195 539 2258 animo
563 2216 657 2259 suum
680 2215 799 2278 corpus
813 2196 1063 2276 vindicaturum,
1087 2218 1152 2281 quc
1169 2195 1275 2260 vindi-

92 2294 125 2342 10
144 2282 267 2346 caverit
289 2280 389 2361 filiae3
411 2281 523 2344 ceteri
546 2279 607 2344 sibi
630 2302 670 2343 ac
693 2279 803 2344 liberis
837 2281 903 2344 suis
935 2280 1151 2346 consulerent.
1190 2282 1274 2346 haec

142 2367 297 2452 Verginio
321 2366 512 2431 vociferanti
534 2365 755 2430 succlamabat
776 2365 950 2430 multitudo
972 2388 1034 2430 nec
1055 2366 1141 2430 illius
1168 2365 1276 2432 dolori

142 2476 203 2518 nec
226 2476 304 2517 suae
326 2452 471 2517 libertati
494 2475 528 2516 se
552 2452 729 2517 defuturos.
769 2461 802 2516 et
833 2453 972 2516 immixti
994 2451 1111 2516 turbae
1134 2451 1274 2518 militum

142 2541 243 2624 togati
265 2538 380 2604 eadem
403 2538 458 2601 illa
481 2539 645 2624 querendo
670 2538 892 2623 docendoque,
925 2548 1046 2623 quanto
1077 2539 1149 2602 visa
1173 2561 1273 2625 quam

142 2627 253 2690 audita
286 2625 468 2709 indigniora
497 2625 663 2710 potuerint
693 2624 808 2702 videri,
842 2622 938 2687 simul
970 2623 1175 2708 profligatam
1209 2626 1274 2689 iam

92 2725 122 2773 11
142 2735 211 2776 rem
234 2711 412 2774 nuntiando
435 2709 557 2774 Romae
580 2732 661 2792 esse,
684 2710 897 2795 insecutique,
923 2713 978 2795 qui
1001 2709 1147 2795 Appium
1168 2732 1273 2796 prope

142 2800 372 2879 interemptum
393 2797 427 2859 in
449 2794 583 2860 exilium
604 2795 713 2860 abisse
737 2796 891 2876 dicerent,
915 2795 1137 2880 perpulerunt,
1170 2806 1207 2860 ut
1230 2797 1272 2860 ad

143 2905 233 2947 arma
256 2881 519 2950 conclamaretur.
543 2880 768 2966 vellerentque
795 2883 888 2965 signa
919 2890 952 2945 et
973 2881 1110 2945 Romam
1142 2882 1273 2967 profici·

92 2985 125 3033 12
143 2978 321 3034 scerentur.
350 2968 535 3049 decemviri,
559 2966 656 3031 simul
678 2968 726 3049 iis,
750 2968 833 3053 quae
855 2967 1021 3048 videbant,
1052 2968 1158 3053 iisque
1187 2990 1272 3054 quae

142 3067 215 3119 acta
246 3054 370 3119 Romae
397 3054 576 3134 audierant,
612 3052 802 3139 perturbati,
837 3053 919 3117 alius
949 3055 983 3117 in
1015 3053 1112 3117 aliam
1144 3049 1272 3138 partem

143 3151 322 3206 castrorum
346 3140 386 3203 ad
411 3140 573 3204 sedandos
597 3149 702 3204 motus
726 3140 919 3205 discurrunt.
953 3149 986 3203 et
1007 3139 1125 3203 leniter
1148 3143 1271 3223 agenti·

142 3230 203 3292 bus
225 3248 419 3313 responsum
441 3247 506 3289 non
528 3226 690 3307 redditur3
728 3227 901 3311 imperium
935 3225 962 3289 si
993 3228 1064 3311 quis
1098 3223 1271 3305 inhiberet,

90 3333 122 3380 13
144 3326 177 3379 et
199 3315 287 3378 viros
312 3324 345 3376 et
367 3322 508 3375 armatos
532 3334 568 3375 se
592 3333 664 3376 esse
692 3312 917 3397 respondetur.
956 3321 1034 3374 eunt
1064 3313 1194 3394 agmine
1229 3311 1271 3376 ad

143 3399 257 3464 urbem
281 3409 313 3462 et
329 3399 524 3462 Aventinum
546 3398 698 3479 insidunt,
723 3407 758 3461 ut
774 3400 910 3483 quisque
926 3408 1120 3475 occurrerat,
1137 3396 1271 3482 plebem

143 3487 183 3549 ad
207 3484 418 3571 repetendam
442 3484 625 3547 libertatem
653 3484 878 3569 creandosque
907 3482 1055 3547 tribunos
1086 3481 1192 3568 plebis
1215 3484 1270 3547 ad·

89 3593 122 3640 14
142 3572 319 3636 hortantes.
344 3570 407 3633 alia
429 3592 495 3634 vox
518 3568 606 3635 nulla
627 3570 768 3634 violenta
800 3569 911 3633 audita
947 3576 1005 3634 est.
1041 3578 1188 3632 senatum
1214 3569 1269 3655 sp.

144 3659 271 3745 Oppius
304 3657 413 3721 habet.
451 3654 531 3718 nihil
562 3655 671 3741 placet
703 3677 819 3742 aspere
851 3656 916 3738 agi:
956 3656 1095 3804 quippe*
1116 3655 1156 3719 ab
1189 3657 1269 3742 ipsis

86 3767 121 3814 15
142 3745 252 3807 datum
276 3743 384 3806 locum
408 3742 559 3806 seditioni
583 3763 664 3805 esse.
687 3743 857 3805 mittuntur
879 3751 946 3804 tres
982 3742 1068 3825 egati
1084 3741 1269 3806 consulares
1297 3763 1300 3804 2

124 3828 182 3912 Sp.
211 3828 381 3914 Tarpeius,
410 3826 444 3896 0.
469 3825 584 3915 lulius,
607 3827 645 3894 P.
662 3826 838 3916 Sulpicius,
858 3827 916 3914 qui
929 3837 1125 3913 quaererent
1138 3837 1269 3893 senatus
