<?xml version="1.0" encoding="UTF-8"?>
<!DOCTYPE html PUBLIC "-//W3C//DTD XHTML 1.0 Transitional//EN"
    "http://www.w3.org/TR/xhtml1/DTD/xhtml1-transitional.dtd">
<html xmlns="http://www.w3.org/1999/xhtml" xml:lang="en" lang="en">
 <head>
  <title>
</title>
<meta http-equiv="Content-Type" content="text/html;charset=utf-8" />
  <meta name='ocr-system' content='tesseract 3.04.00' />
  <meta name='ocr-capabilities' content='ocr_page ocr_carea ocr_par ocr_line ocrx_word'/>
</head>
<body>
  <div class='ocr_page' id='page_1' title='image "./aburbeconditali02livygoog_0237.png"; bbox 0 0 2738 4146; ppageno 0'>
   <div class='ocr_carea' id='block_1_1' title="bbox 46 121 961 200">
    <p class='ocr_par' dir='ltr' id='par_1_1' title="bbox 46 121 961 200">
     <span class='ocr_line' id='line_1_1' title="bbox 46 121 961 200; baseline 0.008 -23"><span class='ocrx_word' id='word_1_1' title='bbox 46 174 48 177; x_wconf 83' lang='lat'>.</span> <span class='ocrx_word' id='word_1_2' title='bbox 93 121 156 179; x_wconf 83' lang='grc'>224</span> <span class='ocrx_word' id='word_1_3' title='bbox 395 135 504 184; x_wconf 78' lang='lat' dir='ltr'>niens</span> <span class='ocrx_word' id='word_1_4' title='bbox 521 135 569 184; x_wconf 83' lang='lat' dir='ltr'>nu</span> <span class='ocrx_word' id='word_1_5' title='bbox 589 133 664 185; x_wconf 75' lang='lat' dir='ltr'>cur.</span> <span class='ocrx_word' id='word_1_6' title='bbox 683 137 726 185; x_wconf 81' lang='lat' dir='ltr'>oo.</span> <span class='ocrx_word' id='word_1_7' title='bbox 746 133 779 200; x_wconf 65' lang='lat' dir='ltr'>[a</span> <span class='ocrx_word' id='word_1_8' title='bbox 798 133 831 185; x_wconf 89' lang='lat' dir='ltr'>u.</span> <span class='ocrx_word' id='word_1_9' title='bbox 850 150 872 184; x_wconf 66' lang='lat' dir='ltr'>a</span> <span class='ocrx_word' id='word_1_10' title='bbox 891 133 961 200; x_wconf 77' lang='lat'><strong>3⁰51·</strong></span> 
     </span>
    </p>
   </div>
   <div class='ocr_carea' id='block_1_2' title="bbox 79 281 1273 390">
    <p class='ocr_par' dir='ltr' id='par_1_2' title="bbox 79 281 1273 390">
     <span class='ocr_line' id='line_1_2' title="bbox 79 281 1273 390; baseline 0.003 -23"><span class='ocrx_word' id='word_1_11' title='bbox 79 281 82 287; x_wconf 38' lang='grc'><strong>’</strong></span> <span class='ocrx_word' id='word_1_12' title='bbox 143 315 275 388; x_wconf 89' lang='lat' dir='ltr'>spectus</span> <span class='ocrx_word' id='word_1_13' title='bbox 300 314 358 386; x_wconf 88' lang='lat' dir='ltr'>est,</span> <span class='ocrx_word' id='word_1_14' title='bbox 392 306 539 368; x_wconf 87' lang='lat' dir='ltr'>strictum</span> <span class='ocrx_word' id='word_1_15' title='bbox 561 303 659 367; x_wconf 88' lang='lat' dir='ltr'>etiam</span> <span class='ocrx_word' id='word_1_16' title='bbox 680 303 782 368; x_wconf 86' lang='lat' dir='ltr'>telum</span> <span class='ocrx_word' id='word_1_17' title='bbox 804 326 1040 389; x_wconf 82' lang='lat' dir='ltr'>respersusque</span> <span class='ocrx_word' id='word_1_18' title='bbox 1062 304 1136 390; x_wconf 88' lang='lat' dir='ltr'>ipse</span> <span class='ocrx_word' id='word_1_19' title='bbox 1160 327 1273 370; x_wconf 88' lang='lat' dir='ltr'>cruore</span> 
     </span>
    </p>
   </div>
   <div class='ocr_carea' id='block_1_3' title="bbox 88 389 1323 3914">
    <p class='ocr_par' dir='ltr' id='par_1_3' title="bbox 88 389 1323 3914">
     <span class='ocr_line' id='line_1_3' title="bbox 142 389 1273 473; baseline 0.002 -19"><span class='ocrx_word' id='word_1_20' title='bbox 142 398 218 454; x_wconf 82' lang='lat' dir='ltr'>tota</span> <span class='ocrx_word' id='word_1_21' title='bbox 236 392 268 452; x_wconf 92' lang='lat' dir='ltr'>in</span> <span class='ocrx_word' id='word_1_22' title='bbox 292 412 327 453; x_wconf 88' lang='lat' dir='ltr'>se</span> <span class='ocrx_word' id='word_1_23' title='bbox 350 401 459 454; x_wconf 90' lang='lat' dir='ltr'>castra</span> <span class='ocrx_word' id='word_1_24' title='bbox 486 391 654 453; x_wconf 87' lang='lat' dir='ltr'>convertit.</span> <span class='ocrx_word' id='word_1_25' title='bbox 690 399 723 453; x_wconf 91' lang='lat' dir='ltr'>et</span> <span class='ocrx_word' id='word_1_26' title='bbox 743 400 840 473; x_wconf 87' lang='lat' dir='ltr'>togae</span> <span class='ocrx_word' id='word_1_27' title='bbox 862 389 1072 453; x_wconf 83' lang='lat' dir='ltr'>multifariam</span> <span class='ocrx_word' id='word_1_28' title='bbox 1103 392 1136 454; x_wconf 93' lang='lat' dir='ltr'>in</span> <span class='ocrx_word' id='word_1_29' title='bbox 1162 393 1273 456; x_wconf 83' lang='lat' dir='ltr'>castris</span> 
     </span>
     <span class='ocr_line' id='line_1_4' title="bbox 142 475 1272 562; baseline 0.002 -23"><span class='ocrx_word' id='word_1_30' title='bbox 142 477 233 540; x_wconf 90' lang='lat' dir='ltr'>visae</span> <span class='ocrx_word' id='word_1_31' title='bbox 255 478 385 540; x_wconf 89' lang='lat' dir='ltr'>maioris</span> <span class='ocrx_word' id='word_1_32' title='bbox 408 475 584 561; x_wconf 88' lang='lat' dir='ltr'>aliquanto,</span> <span class='ocrx_word' id='word_1_33' title='bbox 609 496 706 558; x_wconf 90' lang='lat' dir='ltr'>quam</span> <span class='ocrx_word' id='word_1_34' title='bbox 730 486 808 555; x_wconf 82' lang='lat' dir='ltr'>erat,</span> <span class='ocrx_word' id='word_1_35' title='bbox 833 477 976 562; x_wconf 88' lang='lat' dir='ltr'>speciem</span> <span class='ocrx_word' id='word_1_36' title='bbox 998 476 1146 540; x_wconf 85' lang='lat' dir='ltr'>urbanae</span> <span class='ocrx_word' id='word_1_37' title='bbox 1169 477 1272 541; x_wconf 91' lang='lat' dir='ltr'>multi-</span> 
     </span>
     <span class='ocr_line' id='line_1_5' title="bbox 107 559 1323 647; baseline 0.002 -23"><span class='ocrx_word' id='word_1_38' title='bbox 107 577 126 624; x_wconf 83' lang='lat'>4</span> <span class='ocrx_word' id='word_1_39' title='bbox 141 562 263 626; x_wconf 89' lang='lat' dir='ltr'>tudinis</span> <span class='ocrx_word' id='word_1_40' title='bbox 277 562 432 626; x_wconf 81' lang='lat' dir='ltr'><strong>fecerant.</strong></span> <span class='ocrx_word' id='word_1_41' title='bbox 456 560 696 646; x_wconf 81' lang='lat' dir='ltr'>quaerentibus,</span> <span class='ocrx_word' id='word_1_42' title='bbox 713 562 792 647; x_wconf 93' lang='lat' dir='ltr'>quid</span> <span class='ocrx_word' id='word_1_43' title='bbox 807 564 855 626; x_wconf 91' lang='lat' dir='ltr'>rei</span> <span class='ocrx_word' id='word_1_44' title='bbox 871 571 967 642; x_wconf 88' lang='lat' dir='ltr'>esset,</span> <span class='ocrx_word' id='word_1_45' title='bbox 987 559 1069 625; x_wconf 88' lang='lat' dir='ltr'>flens</span> <span class='ocrx_word' id='word_1_46' title='bbox 1087 562 1144 625; x_wconf 92' lang='lat' dir='ltr'>diu</span> <span class='ocrx_word' id='word_1_47' title='bbox 1159 585 1272 628; x_wconf 86' lang='lat' dir='ltr'>vocem</span> <span class='ocrx_word' id='word_1_48' title='bbox 1320 576 1323 581; x_wconf 81' lang='grc'><strong><em>’</em></strong></span> 
     </span>
     <span class='ocr_line' id='line_1_6' title="bbox 142 647 1272 732; baseline 0.001 -21"><span class='ocrx_word' id='word_1_49' title='bbox 142 669 209 711; x_wconf 90' lang='lat' dir='ltr'>non</span> <span class='ocrx_word' id='word_1_50' title='bbox 230 649 331 729; x_wconf 89' lang='lat' dir='ltr'>misit;</span> <span class='ocrx_word' id='word_1_51' title='bbox 363 648 506 729; x_wconf 88' lang='lat' dir='ltr'>tandem,</span> <span class='ocrx_word' id='word_1_52' title='bbox 538 656 575 710; x_wconf 93' lang='lat' dir='ltr'>ut</span> <span class='ocrx_word' id='word_1_53' title='bbox 606 648 670 710; x_wconf 90' lang='lat' dir='ltr'>iam</span> <span class='ocrx_word' id='word_1_54' title='bbox 705 669 748 710; x_wconf 89' lang='lat' dir='ltr'>ex</span> <span class='ocrx_word' id='word_1_55' title='bbox 769 647 988 732; x_wconf 83' lang='lat' dir='ltr'>trepidatione</span> <span class='ocrx_word' id='word_1_56' title='bbox 1011 651 1272 713; x_wconf 88' lang='lat' dir='ltr'>concurrentium</span> 
     </span>
     <span class='ocr_line' id='line_1_7' title="bbox 142 732 1274 819; baseline 0.004 -23"><span class='ocrx_word' id='word_1_57' title='bbox 142 732 241 798; x_wconf 88' lang='lat' dir='ltr'>turba</span> <span class='ocrx_word' id='word_1_58' title='bbox 272 734 414 798; x_wconf 88' lang='lat' dir='ltr'>constitit</span> <span class='ocrx_word' id='word_1_59' title='bbox 444 755 483 797; x_wconf 88' lang='lat' dir='ltr'>ac</span> <span class='ocrx_word' id='word_1_60' title='bbox 515 732 677 796; x_wconf 89' lang='lat' dir='ltr'>silentium</span> <span class='ocrx_word' id='word_1_61' title='bbox 708 732 778 814; x_wconf 86' lang='lat' dir='ltr'>fuit,</span> <span class='ocrx_word' id='word_1_62' title='bbox 811 734 926 797; x_wconf 87' lang='lat' dir='ltr'>ordine</span> <span class='ocrx_word' id='word_1_63' title='bbox 954 743 1082 816; x_wconf 87' lang='lat' dir='ltr'>cuncta,</span> <span class='ocrx_word' id='word_1_64' title='bbox 1114 744 1153 796; x_wconf 90' lang='lat' dir='ltr'>ut</span> <span class='ocrx_word' id='word_1_65' title='bbox 1183 745 1274 819; x_wconf 82' lang='lat' dir='ltr'>gesta</span> 
     </span>
     <span class='ocr_line' id='line_1_8' title="bbox 107 818 1273 905; baseline 0.003 -24"><span class='ocrx_word' id='word_1_66' title='bbox 107 834 124 881; x_wconf 78' lang='lat' dir='ltr'>o</span> <span class='ocrx_word' id='word_1_67' title='bbox 143 829 243 900; x_wconf 88' lang='lat' dir='ltr'>erant,</span> <span class='ocrx_word' id='word_1_68' title='bbox 268 821 429 905; x_wconf 87' lang='lat' dir='ltr'>exposuit.</span> <span class='ocrx_word' id='word_1_69' title='bbox 452 820 584 904; x_wconf 86' lang='lat' dir='ltr'>supinas</span> <span class='ocrx_word' id='word_1_70' title='bbox 608 819 726 882; x_wconf 90' lang='lat' dir='ltr'>deinde</span> <span class='ocrx_word' id='word_1_71' title='bbox 747 819 884 883; x_wconf 90' lang='lat' dir='ltr'>tendens</span> <span class='ocrx_word' id='word_1_72' title='bbox 906 841 1020 885; x_wconf 90' lang='lat' dir='ltr'>manus</span> <span class='ocrx_word' id='word_1_73' title='bbox 1037 818 1273 885; x_wconf 76' lang='lat' dir='ltr'>commilitones</span> 
     </span>
     <span class='ocr_line' id='line_1_9' title="bbox 144 903 1270 991; baseline -0.001 -22"><span class='ocrx_word' id='word_1_74' title='bbox 144 905 312 991; x_wconf 85' lang='lat' dir='ltr'>appellans</span> <span class='ocrx_word' id='word_1_75' title='bbox 336 905 459 987; x_wconf 89' lang='lat' dir='ltr'>orabat,</span> <span class='ocrx_word' id='word_1_76' title='bbox 487 927 538 986; x_wconf 89' lang='lat' dir='ltr'>ne,</span> <span class='ocrx_word' id='word_1_77' title='bbox 571 905 659 988; x_wconf 91' lang='lat' dir='ltr'>quod</span> <span class='ocrx_word' id='word_1_78' title='bbox 692 904 797 968; x_wconf 89' lang='lat' dir='ltr'>scelus</span> <span class='ocrx_word' id='word_1_79' title='bbox 829 907 858 966; x_wconf 89' lang='lat' dir='ltr'>A</span> <span class='ocrx_word' id='word_1_80' title='bbox 886 950 893 964; x_wconf 89' lang='lat'>.</span> <span class='ocrx_word' id='word_1_81' title='bbox 918 903 1046 969; x_wconf 81' lang='lat' dir='ltr'>Claudii</span> <span class='ocrx_word' id='word_1_82' title='bbox 1078 915 1177 985; x_wconf 89' lang='lat' dir='ltr'>esset,</span> <span class='ocrx_word' id='word_1_83' title='bbox 1211 905 1270 970; x_wconf 90' lang='lat' dir='ltr'>sibi</span> 
     </span>
     <span class='ocr_line' id='line_1_10' title="bbox 143 927 1270 1075; baseline 0.001 -19"><span class='ocrx_word' id='word_1_84' title='bbox 143 991 358 1056; x_wconf 75' lang='lat' dir='ltr'>attribuerent</span> <span class='ocrx_word' id='word_1_85' title='bbox 389 1013 454 1055; x_wconf 89' lang='lat' dir='ltr'>neu</span> <span class='ocrx_word' id='word_1_86' title='bbox 491 1012 526 1054; x_wconf 87' lang='lat' dir='ltr'>sc</span> <span class='ocrx_word' id='word_1_87' title='bbox 557 1005 593 1054; x_wconf 91' lang='lat' dir='ltr'>ut</span> <span class='ocrx_word' id='word_1_88' title='bbox 628 990 824 1075; x_wconf 88' lang='lat' dir='ltr'>parricidam</span> <span class='ocrx_word' id='word_1_89' title='bbox 860 927 1001 1055; x_wconf 84' lang='lat' dir='ltr'>liberum</span> <span class='ocrx_word' id='word_1_90' title='bbox 1031 1003 1270 1057; x_wconf 75' lang='lat' dir='ltr'>aversarentur.</span> 
     </span>
     <span class='ocr_line' id='line_1_11' title="bbox 107 1075 1271 1162; baseline 0.002 -22"><span class='ocrx_word' id='word_1_91' title='bbox 107 1077 205 1141; x_wconf 81' lang='lat' dir='ltr'>ssibi</span> <span class='ocrx_word' id='word_1_92' title='bbox 227 1079 327 1141; x_wconf 82' lang='lat' dir='ltr'>vitam</span> <span class='ocrx_word' id='word_1_93' title='bbox 350 1076 437 1141; x_wconf 90' lang='lat' dir='ltr'>filiae</span> <span class='ocrx_word' id='word_1_94' title='bbox 460 1098 519 1140; x_wconf 90' lang='lat' dir='ltr'>sua</span> <span class='ocrx_word' id='word_1_95' title='bbox 541 1077 701 1139; x_wconf 91' lang='lat' dir='ltr'>cariorem</span> <span class='ocrx_word' id='word_1_96' title='bbox 722 1076 831 1152; x_wconf 88' lang='lat' dir='ltr'>fuisse,</span> <span class='ocrx_word' id='word_1_97' title='bbox 864 1078 892 1140; x_wconf 92' lang='lat' dir='ltr'>si</span> <span class='ocrx_word' id='word_1_98' title='bbox 913 1075 1037 1141; x_wconf 82' lang='lat' dir='ltr'>liberae</span> <span class='ocrx_word' id='word_1_99' title='bbox 1070 1098 1109 1140; x_wconf 87' lang='lat' dir='ltr'>ac</span> <span class='ocrx_word' id='word_1_100' title='bbox 1131 1078 1271 1162; x_wconf 87' lang='lat' dir='ltr'>pudicae</span> 
     </span>
     <span class='ocr_line' id='line_1_12' title="bbox 142 1161 1271 1247; baseline -0.001 -20"><span class='ocrx_word' id='word_1_101' title='bbox 142 1166 255 1227; x_wconf 90' lang='lat' dir='ltr'>vivere</span> <span class='ocrx_word' id='word_1_102' title='bbox 291 1162 415 1227; x_wconf 88' lang='lat' dir='ltr'>licitum</span> <span class='ocrx_word' id='word_1_103' title='bbox 452 1163 579 1243; x_wconf 79' lang='lat' dir='ltr'>fuisset3</span> <span class='ocrx_word' id='word_1_104' title='bbox 621 1184 693 1225; x_wconf 89' lang='lat' dir='ltr'>cum</span> <span class='ocrx_word' id='word_1_105' title='bbox 732 1161 824 1226; x_wconf 85' lang='lat' dir='ltr'>velut</span> <span class='ocrx_word' id='word_1_106' title='bbox 861 1184 990 1227; x_wconf 88' lang='lat' dir='ltr'>servam</span> <span class='ocrx_word' id='word_1_107' title='bbox 1025 1164 1098 1247; x_wconf 87' lang='lat' dir='ltr'>rapi</span> <span class='ocrx_word' id='word_1_108' title='bbox 1135 1163 1271 1245; x_wconf 85' lang='lat' dir='ltr'>videret,</span> 
     </span>
     <span class='ocr_line' id='line_1_13' title="bbox 142 1246 1270 1332; baseline 0.003 -21"><span class='ocrx_word' id='word_1_109' title='bbox 142 1260 248 1313; x_wconf 88' lang='lat' dir='ltr'>morte</span> <span class='ocrx_word' id='word_1_110' title='bbox 293 1249 397 1311; x_wconf 89' lang='lat' dir='ltr'>amitti</span> <span class='ocrx_word' id='word_1_111' title='bbox 442 1247 555 1311; x_wconf 89' lang='lat' dir='ltr'>melius</span> <span class='ocrx_word' id='word_1_112' title='bbox 600 1258 705 1311; x_wconf 91' lang='lat' dir='ltr'>ratum</span> <span class='ocrx_word' id='word_1_113' title='bbox 753 1271 851 1332; x_wconf 88' lang='lat' dir='ltr'>quam</span> <span class='ocrx_word' id='word_1_114' title='bbox 898 1246 1095 1312; x_wconf 88' lang='lat' dir='ltr'>contumelia</span> <span class='ocrx_word' id='word_1_115' title='bbox 1139 1246 1270 1331; x_wconf 89' lang='lat' dir='ltr'>liberos,</span> 
     </span>
     <span class='ocr_line' id='line_1_14' title="bbox 109 1332 1271 1421; baseline -0.001 -21"><span class='ocrx_word' id='word_1_116' title='bbox 109 1352 124 1400; x_wconf 82' lang='lat'>&#39;1</span> <span class='ocrx_word' id='word_1_117' title='bbox 143 1335 366 1416; x_wconf 79' lang='lat' dir='ltr'>misericordia</span> <span class='ocrx_word' id='word_1_118' title='bbox 382 1335 465 1397; x_wconf 90' lang='lat' dir='ltr'>sein</span> <span class='ocrx_word' id='word_1_119' title='bbox 488 1333 631 1418; x_wconf 91' lang='lat' dir='ltr'>speciem</span> <span class='ocrx_word' id='word_1_120' title='bbox 647 1333 846 1397; x_wconf 80' lang='lat' dir='ltr'>crudelitatis</span> <span class='ocrx_word' id='word_1_121' title='bbox 861 1332 1000 1419; x_wconf 89' lang='lat' dir='ltr'>lapsum.</span> <span class='ocrx_word' id='word_1_122' title='bbox 1022 1355 1084 1398; x_wconf 90' lang='lat' dir='ltr'>nec</span> <span class='ocrx_word' id='word_1_123' title='bbox 1099 1355 1135 1398; x_wconf 88' lang='lat' dir='ltr'>se</span> <span class='ocrx_word' id='word_1_124' title='bbox 1160 1358 1271 1421; x_wconf 85' lang='lat' dir='ltr'>super-</span> 
     </span>
     <span class='ocr_line' id='line_1_15' title="bbox 143 1418 1272 1505; baseline 0.001 -22"><span class='ocrx_word' id='word_1_125' title='bbox 143 1423 251 1484; x_wconf 90' lang='lat' dir='ltr'>stitem</span> <span class='ocrx_word' id='word_1_126' title='bbox 272 1419 358 1482; x_wconf 88' lang='lat' dir='ltr'>filiae</span> <span class='ocrx_word' id='word_1_127' title='bbox 388 1419 532 1483; x_wconf 84' lang='lat' dir='ltr'>futurum</span> <span class='ocrx_word' id='word_1_128' title='bbox 565 1418 675 1500; x_wconf 85' lang='lat' dir='ltr'>fuisse,</span> <span class='ocrx_word' id='word_1_129' title='bbox 707 1420 769 1482; x_wconf 91' lang='lat' dir='ltr'>nisi</span> <span class='ocrx_word' id='word_1_130' title='bbox 799 1442 891 1505; x_wconf 86' lang='lat' dir='ltr'>spem</span> <span class='ocrx_word' id='word_1_131' title='bbox 924 1418 1133 1484; x_wconf 85' lang='lat' dir='ltr'>ulciscendae</span> <span class='ocrx_word' id='word_1_132' title='bbox 1161 1423 1272 1485; x_wconf 90' lang='lat' dir='ltr'>mortis</span> 
     </span>
     <span class='ocr_line' id='line_1_16' title="bbox 143 1504 1272 1591; baseline 0.002 -23"><span class='ocrx_word' id='word_1_133' title='bbox 143 1507 211 1569; x_wconf 88' lang='lat' dir='ltr'>eius</span> <span class='ocrx_word' id='word_1_134' title='bbox 234 1507 266 1568; x_wconf 96' lang='lat' dir='ltr'>in</span> <span class='ocrx_word' id='word_1_135' title='bbox 290 1504 410 1570; x_wconf 90' lang='lat' dir='ltr'>auxilio</span> <span class='ocrx_word' id='word_1_136' title='bbox 434 1505 689 1568; x_wconf 90' lang='lat' dir='ltr'>commilitonum</span> <span class='ocrx_word' id='word_1_137' title='bbox 717 1504 896 1570; x_wconf 86' lang='lat' dir='ltr'>habuisset.</span> <span class='ocrx_word' id='word_1_138' title='bbox 934 1504 998 1569; x_wconf 89' lang='lat' dir='ltr'>illis</span> <span class='ocrx_word' id='word_1_139' title='bbox 1033 1528 1166 1591; x_wconf 90' lang='lat' dir='ltr'>quoque</span> <span class='ocrx_word' id='word_1_140' title='bbox 1190 1509 1272 1571; x_wconf 88' lang='lat' dir='ltr'>enim</span> 
     </span>
     <span class='ocr_line' id='line_1_17' title="bbox 142 1590 1272 1676; baseline 0.001 -21"><span class='ocrx_word' id='word_1_141' title='bbox 142 1591 388 1676; x_wconf 14' lang='lat' dir='ltr'>filias,4sorores</span> <span class='ocrx_word' id='word_1_142' title='bbox 411 1592 631 1676; x_wconf 84' lang='lat' dir='ltr'>coniugesque</span> <span class='ocrx_word' id='word_1_143' title='bbox 647 1613 730 1672; x_wconf 88' lang='lat' dir='ltr'>esse,</span> <span class='ocrx_word' id='word_1_144' title='bbox 752 1613 814 1654; x_wconf 92' lang='lat' dir='ltr'>nec</span> <span class='ocrx_word' id='word_1_145' title='bbox 836 1614 911 1656; x_wconf 92' lang='lat' dir='ltr'>cum</span> <span class='ocrx_word' id='word_1_146' title='bbox 933 1590 1001 1655; x_wconf 88' lang='lat' dir='ltr'>filia</span> <span class='ocrx_word' id='word_1_147' title='bbox 1023 1613 1082 1655; x_wconf 90' lang='lat' dir='ltr'>sua</span> <span class='ocrx_word' id='word_1_148' title='bbox 1104 1591 1272 1656; x_wconf 91' lang='lat' dir='ltr'>libidinem</span> 
     </span>
     <span class='ocr_line' id='line_1_18' title="bbox 143 1676 1272 1762; baseline 0.003 -22"><span class='ocrx_word' id='word_1_149' title='bbox 143 1679 207 1762; x_wconf 85' lang='lat' dir='ltr'>Ap.</span> <span class='ocrx_word' id='word_1_150' title='bbox 241 1676 369 1742; x_wconf 83' lang='lat' dir='ltr'>Claudii</span> <span class='ocrx_word' id='word_1_151' title='bbox 401 1677 577 1740; x_wconf 88' lang='lat' dir='ltr'>extinctam</span> <span class='ocrx_word' id='word_1_152' title='bbox 609 1699 691 1753; x_wconf 82' lang='lat' dir='ltr'>esse,</span> <span class='ocrx_word' id='word_1_153' title='bbox 730 1678 787 1741; x_wconf 90' lang='lat' dir='ltr'>sed</span> <span class='ocrx_word' id='word_1_154' title='bbox 826 1699 890 1762; x_wconf 89' lang='lat' dir='ltr'>quo</span> <span class='ocrx_word' id='word_1_155' title='bbox 927 1677 1107 1762; x_wconf 87' lang='lat' dir='ltr'>inpunitior</span> <span class='ocrx_word' id='word_1_156' title='bbox 1144 1679 1198 1761; x_wconf 87' lang='lat' dir='ltr'>sit,</span> <span class='ocrx_word' id='word_1_157' title='bbox 1236 1701 1272 1743; x_wconf 93' lang='lat' dir='ltr'>eo</span> 
     </span>
     <span class='ocr_line' id='line_1_19' title="bbox 106 1761 1272 1831; baseline -0.004 0"><span class='ocrx_word' id='word_1_158' title='bbox 106 1764 380 1831; x_wconf 81' lang='lat' dir='ltr'>saffrenatiorem</span> <span class='ocrx_word' id='word_1_159' title='bbox 411 1762 491 1826; x_wconf 88' lang='lat' dir='ltr'>fore.</span> <span class='ocrx_word' id='word_1_160' title='bbox 530 1761 635 1826; x_wconf 86' lang='lat' dir='ltr'>aliena</span> <span class='ocrx_word' id='word_1_161' title='bbox 666 1761 852 1827; x_wconf 87' lang='lat' dir='ltr'>calamitate</span> <span class='ocrx_word' id='word_1_162' title='bbox 890 1763 1123 1828; x_wconf 89' lang='lat' dir='ltr'>documentum</span> <span class='ocrx_word' id='word_1_163' title='bbox 1162 1765 1272 1829; x_wconf 83' lang='lat' dir='ltr'>datum</span> 
     </span>
     <span class='ocr_line' id='line_1_20' title="bbox 142 1848 1271 1935; baseline 0.001 -23"><span class='ocrx_word' id='word_1_164' title='bbox 142 1849 205 1912; x_wconf 90' lang='lat' dir='ltr'>illis</span> <span class='ocrx_word' id='word_1_165' title='bbox 228 1849 394 1914; x_wconf 79' lang='lat' dir='ltr'>cavendae</span> <span class='ocrx_word' id='word_1_166' title='bbox 417 1848 530 1912; x_wconf 86' lang='lat' dir='ltr'>similis</span> <span class='ocrx_word' id='word_1_167' title='bbox 554 1851 697 1912; x_wconf 88' lang='lat' dir='ltr'>iniuriae.</span> <span class='ocrx_word' id='word_1_168' title='bbox 722 1848 809 1935; x_wconf 90' lang='lat' dir='ltr'>quod</span> <span class='ocrx_word' id='word_1_169' title='bbox 834 1848 875 1912; x_wconf 89' lang='lat' dir='ltr'>ad</span> <span class='ocrx_word' id='word_1_170' title='bbox 898 1871 934 1913; x_wconf 89' lang='lat' dir='ltr'>se</span> <span class='ocrx_word' id='word_1_171' title='bbox 957 1850 1102 1923; x_wconf 88' lang='lat' dir='ltr'>attineat,</span> <span class='ocrx_word' id='word_1_172' title='bbox 1133 1872 1271 1915; x_wconf 91' lang='lat' dir='ltr'>uxorem</span> 
     </span>
     <span class='ocr_line' id='line_1_21' title="bbox 142 1933 1272 2021; baseline 0.001 -22"><span class='ocrx_word' id='word_1_173' title='bbox 142 1935 203 1999; x_wconf 92' lang='lat' dir='ltr'>sibi</span> <span class='ocrx_word' id='word_1_174' title='bbox 234 1935 300 1999; x_wconf 82' lang='lat' dir='ltr'>fato</span> <span class='ocrx_word' id='word_1_175' title='bbox 333 1946 488 2018; x_wconf 89' lang='lat' dir='ltr'>ereptam,</span> <span class='ocrx_word' id='word_1_176' title='bbox 520 1933 630 2016; x_wconf 88' lang='lat' dir='ltr'>filiam,</span> <span class='ocrx_word' id='word_1_177' title='bbox 665 1935 742 2021; x_wconf 87' lang='lat' dir='ltr'>quia</span> <span class='ocrx_word' id='word_1_178' title='bbox 771 1956 836 1998; x_wconf 91' lang='lat' dir='ltr'>non</span> <span class='ocrx_word' id='word_1_179' title='bbox 867 1933 952 1998; x_wconf 87' lang='lat' dir='ltr'>ultra</span> <span class='ocrx_word' id='word_1_180' title='bbox 985 1934 1107 2020; x_wconf 90' lang='lat' dir='ltr'>pudica</span> <span class='ocrx_word' id='word_1_181' title='bbox 1143 1936 1272 2000; x_wconf 82' lang='lat' dir='ltr'>victura</span> 
     </span>
     <span class='ocr_line' id='line_1_22' title="bbox 107 2020 1272 2102; baseline 0.001 -18"><span class='ocrx_word' id='word_1_182' title='bbox 107 2022 248 2101; x_wconf 75' lang='lat' dir='ltr'>afuerit,</span> <span class='ocrx_word' id='word_1_183' title='bbox 272 2021 436 2100; x_wconf 87' lang='lat' dir='ltr'>miseram,</span> <span class='ocrx_word' id='word_1_184' title='bbox 460 2020 518 2083; x_wconf 90' lang='lat' dir='ltr'>sed</span> <span class='ocrx_word' id='word_1_185' title='bbox 542 2020 710 2084; x_wconf 87' lang='lat' dir='ltr'>honestam</span> <span class='ocrx_word' id='word_1_186' title='bbox 734 2029 870 2084; x_wconf 88' lang='lat' dir='ltr'>mortem</span> <span class='ocrx_word' id='word_1_187' title='bbox 887 2020 1097 2102; x_wconf 86' lang='lat' dir='ltr'>occubuisse;</span> <span class='ocrx_word' id='word_1_188' title='bbox 1119 2043 1187 2085; x_wconf 94' lang='lat' dir='ltr'>non</span> <span class='ocrx_word' id='word_1_189' title='bbox 1204 2043 1272 2086; x_wconf 91' lang='lat' dir='ltr'>esse</span> 
     </span>
     <span class='ocr_line' id='line_1_23' title="bbox 141 2104 1273 2193; baseline 0.002 -23"><span class='ocrx_word' id='word_1_190' title='bbox 141 2109 205 2170; x_wconf 90' lang='lat' dir='ltr'>iam</span> <span class='ocrx_word' id='word_1_191' title='bbox 229 2105 331 2193; x_wconf 90' lang='lat' dir='ltr'>Appii</span> <span class='ocrx_word' id='word_1_192' title='bbox 354 2105 480 2170; x_wconf 92' lang='lat' dir='ltr'>libidini</span> <span class='ocrx_word' id='word_1_193' title='bbox 510 2104 619 2170; x_wconf 91' lang='lat' dir='ltr'>locum</span> <span class='ocrx_word' id='word_1_194' title='bbox 649 2107 682 2169; x_wconf 92' lang='lat' dir='ltr'>in</span> <span class='ocrx_word' id='word_1_195' title='bbox 717 2105 813 2170; x_wconf 93' lang='lat' dir='ltr'>domo</span> <span class='ocrx_word' id='word_1_196' title='bbox 837 2128 910 2186; x_wconf 89' lang='lat' dir='ltr'>sua;</span> <span class='ocrx_word' id='word_1_197' title='bbox 947 2105 988 2169; x_wconf 90' lang='lat' dir='ltr'>ab</span> <span class='ocrx_word' id='word_1_198' title='bbox 1020 2105 1084 2170; x_wconf 88' lang='lat' dir='ltr'>alia</span> <span class='ocrx_word' id='word_1_199' title='bbox 1118 2106 1273 2172; x_wconf 85' lang='lat' dir='ltr'>violentia</span> 
     </span>
     <span class='ocr_line' id='line_1_24' title="bbox 143 2193 1272 2278; baseline -0.001 -21"><span class='ocrx_word' id='word_1_200' title='bbox 143 2194 213 2258; x_wconf 92' lang='lat' dir='ltr'>eius</span> <span class='ocrx_word' id='word_1_201' title='bbox 236 2194 352 2256; x_wconf 87' lang='lat' dir='ltr'>eodem</span> <span class='ocrx_word' id='word_1_202' title='bbox 374 2214 409 2256; x_wconf 87' lang='lat' dir='ltr'>se</span> <span class='ocrx_word' id='word_1_203' title='bbox 432 2193 539 2256; x_wconf 91' lang='lat' dir='ltr'>animo</span> <span class='ocrx_word' id='word_1_204' title='bbox 563 2215 658 2256; x_wconf 89' lang='lat' dir='ltr'>suum</span> <span class='ocrx_word' id='word_1_205' title='bbox 681 2214 799 2277; x_wconf 89' lang='lat' dir='ltr'>corpus</span> <span class='ocrx_word' id='word_1_206' title='bbox 813 2193 1063 2274; x_wconf 82' lang='lat' dir='ltr'>vindicaturum,</span> <span class='ocrx_word' id='word_1_207' title='bbox 1088 2215 1154 2278; x_wconf 91' lang='lat' dir='ltr'>quo</span> <span class='ocrx_word' id='word_1_208' title='bbox 1170 2193 1272 2258; x_wconf 86' lang='lat' dir='ltr'>vindi·</span> 
     </span>
     <span class='ocr_line' id='line_1_25' title="bbox 93 2277 1271 2358; baseline 0.003 -19"><span class='ocrx_word' id='word_1_209' title='bbox 93 2279 267 2343; x_wconf 84' lang='lat' dir='ltr'>locaverit</span> <span class='ocrx_word' id='word_1_210' title='bbox 289 2278 390 2358; x_wconf 80' lang='lat' dir='ltr'>filiae3</span> <span class='ocrx_word' id='word_1_211' title='bbox 422 2279 523 2342; x_wconf 87' lang='lat' dir='ltr'>ceteri</span> <span class='ocrx_word' id='word_1_212' title='bbox 547 2277 608 2342; x_wconf 91' lang='lat' dir='ltr'>sibi</span> <span class='ocrx_word' id='word_1_213' title='bbox 631 2300 670 2341; x_wconf 89' lang='lat' dir='ltr'>ac</span> <span class='ocrx_word' id='word_1_214' title='bbox 693 2277 804 2342; x_wconf 88' lang='lat' dir='ltr'>liberis</span> <span class='ocrx_word' id='word_1_215' title='bbox 838 2280 903 2341; x_wconf 91' lang='lat' dir='ltr'>suis</span> <span class='ocrx_word' id='word_1_216' title='bbox 935 2277 1152 2344; x_wconf 90' lang='lat' dir='ltr'>consulerent.</span> <span class='ocrx_word' id='word_1_217' title='bbox 1191 2279 1271 2343; x_wconf 88' lang='lat' dir='ltr'>haec</span> 
     </span>
     <span class='ocr_line' id='line_1_26' title="bbox 142 2363 1271 2448; baseline 0.001 -20"><span class='ocrx_word' id='word_1_218' title='bbox 142 2365 297 2448; x_wconf 90' lang='lat' dir='ltr'>Verginio</span> <span class='ocrx_word' id='word_1_219' title='bbox 321 2363 512 2428; x_wconf 85' lang='lat' dir='ltr'>vociferanti</span> <span class='ocrx_word' id='word_1_220' title='bbox 534 2363 755 2429; x_wconf 88' lang='lat' dir='ltr'>succlamabat</span> <span class='ocrx_word' id='word_1_221' title='bbox 777 2363 950 2428; x_wconf 89' lang='lat' dir='ltr'>multitudo</span> <span class='ocrx_word' id='word_1_222' title='bbox 972 2385 1034 2428; x_wconf 86' lang='lat' dir='ltr'>nec</span> <span class='ocrx_word' id='word_1_223' title='bbox 1055 2363 1143 2429; x_wconf 90' lang='lat' dir='ltr'>illius</span> <span class='ocrx_word' id='word_1_224' title='bbox 1169 2363 1271 2430; x_wconf 88' lang='lat' dir='ltr'>dolori</span> 
     </span>
     <span class='ocr_line' id='line_1_27' title="bbox 142 2449 1271 2516; baseline 0 -2"><span class='ocrx_word' id='word_1_225' title='bbox 142 2473 203 2516; x_wconf 91' lang='lat' dir='ltr'>nec</span> <span class='ocrx_word' id='word_1_226' title='bbox 226 2473 304 2516; x_wconf 86' lang='lat' dir='ltr'>suae</span> <span class='ocrx_word' id='word_1_227' title='bbox 327 2450 472 2514; x_wconf 88' lang='lat' dir='ltr'>libertati</span> <span class='ocrx_word' id='word_1_228' title='bbox 494 2473 529 2514; x_wconf 88' lang='lat' dir='ltr'>se</span> <span class='ocrx_word' id='word_1_229' title='bbox 553 2450 730 2515; x_wconf 80' lang='lat' dir='ltr'>defuturos.</span> <span class='ocrx_word' id='word_1_230' title='bbox 770 2459 802 2514; x_wconf 91' lang='lat' dir='ltr'>et</span> <span class='ocrx_word' id='word_1_231' title='bbox 834 2451 973 2514; x_wconf 84' lang='lat' dir='ltr'>immixti</span> <span class='ocrx_word' id='word_1_232' title='bbox 994 2449 1112 2514; x_wconf 90' lang='lat' dir='ltr'>turbae</span> <span class='ocrx_word' id='word_1_233' title='bbox 1134 2449 1271 2515; x_wconf 89' lang='lat' dir='ltr'>militum</span> 
     </span>
     <span class='ocr_line' id='line_1_28' title="bbox 142 2535 1270 2622; baseline -0.002 -21"><span class='ocrx_word' id='word_1_234' title='bbox 142 2539 243 2621; x_wconf 89' lang='lat' dir='ltr'>togati</span> <span class='ocrx_word' id='word_1_235' title='bbox 266 2537 380 2602; x_wconf 87' lang='lat' dir='ltr'>eadem</span> <span class='ocrx_word' id='word_1_236' title='bbox 404 2535 458 2599; x_wconf 90' lang='lat' dir='ltr'>illa</span> <span class='ocrx_word' id='word_1_237' title='bbox 481 2537 646 2621; x_wconf 89' lang='lat' dir='ltr'>querendo</span> <span class='ocrx_word' id='word_1_238' title='bbox 670 2535 892 2620; x_wconf 90' lang='lat' dir='ltr'>docendoque,</span> <span class='ocrx_word' id='word_1_239' title='bbox 925 2545 1046 2621; x_wconf 90' lang='lat' dir='ltr'>quanto</span> <span class='ocrx_word' id='word_1_240' title='bbox 1077 2537 1150 2600; x_wconf 90' lang='lat' dir='ltr'>visa</span> <span class='ocrx_word' id='word_1_241' title='bbox 1174 2558 1270 2622; x_wconf 90' lang='lat' dir='ltr'>quam</span> 
     </span>
     <span class='ocr_line' id='line_1_29' title="bbox 142 2619 1270 2707; baseline -0.001 -21"><span class='ocrx_word' id='word_1_242' title='bbox 142 2624 254 2687; x_wconf 88' lang='lat' dir='ltr'>audita</span> <span class='ocrx_word' id='word_1_243' title='bbox 286 2624 467 2706; x_wconf 86' lang='lat' dir='ltr'>indigniora</span> <span class='ocrx_word' id='word_1_244' title='bbox 498 2623 663 2707; x_wconf 89' lang='lat' dir='ltr'>potuerint</span> <span class='ocrx_word' id='word_1_245' title='bbox 693 2621 808 2699; x_wconf 89' lang='lat' dir='ltr'>videri,</span> <span class='ocrx_word' id='word_1_246' title='bbox 843 2619 937 2685; x_wconf 93' lang='lat' dir='ltr'>simul</span> <span class='ocrx_word' id='word_1_247' title='bbox 970 2620 1176 2706; x_wconf 85' lang='lat' dir='ltr'>profligatam</span> <span class='ocrx_word' id='word_1_248' title='bbox 1209 2625 1270 2687; x_wconf 90' lang='lat' dir='ltr'>iam</span> 
     </span>
     <span class='ocr_line' id='line_1_30' title="bbox 92 2707 1270 2794; baseline 0.002 -24"><span class='ocrx_word' id='word_1_249' title='bbox 92 2723 123 2770; x_wconf 85' lang='lat'>11</span> <span class='ocrx_word' id='word_1_250' title='bbox 142 2732 211 2773; x_wconf 89' lang='lat' dir='ltr'>rem</span> <span class='ocrx_word' id='word_1_251' title='bbox 235 2709 412 2772; x_wconf 87' lang='lat' dir='ltr'>nuntiando</span> <span class='ocrx_word' id='word_1_252' title='bbox 436 2708 557 2772; x_wconf 87' lang='lat' dir='ltr'>Romae</span> <span class='ocrx_word' id='word_1_253' title='bbox 581 2730 662 2791; x_wconf 89' lang='lat' dir='ltr'>esse,</span> <span class='ocrx_word' id='word_1_254' title='bbox 685 2707 898 2792; x_wconf 83' lang='lat' dir='ltr'>insecutique,</span> <span class='ocrx_word' id='word_1_255' title='bbox 923 2710 978 2792; x_wconf 91' lang='lat' dir='ltr'>qui</span> <span class='ocrx_word' id='word_1_256' title='bbox 1001 2707 1148 2794; x_wconf 90' lang='lat' dir='ltr'>Appium</span> <span class='ocrx_word' id='word_1_257' title='bbox 1168 2729 1270 2794; x_wconf 85' lang='lat' dir='ltr'>propa</span> 
     </span>
     <span class='ocr_line' id='line_1_31' title="bbox 142 2791 1270 2878; baseline -0.002 -19"><span class='ocrx_word' id='word_1_258' title='bbox 142 2797 372 2877; x_wconf 86' lang='lat' dir='ltr'>interemptum</span> <span class='ocrx_word' id='word_1_259' title='bbox 394 2795 426 2856; x_wconf 94' lang='lat' dir='ltr'>in</span> <span class='ocrx_word' id='word_1_260' title='bbox 449 2791 582 2858; x_wconf 87' lang='lat' dir='ltr'>exilium</span> <span class='ocrx_word' id='word_1_261' title='bbox 605 2793 713 2858; x_wconf 90' lang='lat' dir='ltr'>abisse</span> <span class='ocrx_word' id='word_1_262' title='bbox 737 2794 892 2874; x_wconf 81' lang='lat' dir='ltr'>dicerent,</span> <span class='ocrx_word' id='word_1_263' title='bbox 915 2792 1138 2878; x_wconf 82' lang='lat' dir='ltr'>perpulerunt,</span> <span class='ocrx_word' id='word_1_264' title='bbox 1171 2804 1208 2857; x_wconf 91' lang='lat' dir='ltr'>ut</span> <span class='ocrx_word' id='word_1_265' title='bbox 1230 2793 1270 2857; x_wconf 87' lang='lat' dir='ltr'>ad</span> 
     </span>
     <span class='ocr_line' id='line_1_32' title="bbox 143 2878 1270 2966; baseline -0.002 -21"><span class='ocrx_word' id='word_1_266' title='bbox 143 2903 233 2945; x_wconf 90' lang='lat' dir='ltr'>arma</span> <span class='ocrx_word' id='word_1_267' title='bbox 256 2879 519 2947; x_wconf 80' lang='lat' dir='ltr'>conclamaretur.</span> <span class='ocrx_word' id='word_1_268' title='bbox 543 2878 768 2966; x_wconf 86' lang='lat' dir='ltr'>vellerentque</span> <span class='ocrx_word' id='word_1_269' title='bbox 796 2880 889 2962; x_wconf 89' lang='lat' dir='ltr'>signa</span> <span class='ocrx_word' id='word_1_270' title='bbox 920 2888 953 2942; x_wconf 92' lang='lat' dir='ltr'>et</span> <span class='ocrx_word' id='word_1_271' title='bbox 973 2879 1110 2943; x_wconf 88' lang='lat' dir='ltr'>Romam</span> <span class='ocrx_word' id='word_1_272' title='bbox 1142 2879 1270 2965; x_wconf 90' lang='lat' dir='ltr'>profici·</span> 
     </span>
     <span class='ocr_line' id='line_1_33' title="bbox 92 2964 1270 3052; baseline -0.003 -21"><span class='ocrx_word' id='word_1_273' title='bbox 92 2983 125 3031; x_wconf 86' lang='grc'>12</span> <span class='ocrx_word' id='word_1_274' title='bbox 143 2976 321 3032; x_wconf 89' lang='lat' dir='ltr'>scerentur.</span> <span class='ocrx_word' id='word_1_275' title='bbox 350 2964 535 3046; x_wconf 84' lang='lat' dir='ltr'>decemviri,</span> <span class='ocrx_word' id='word_1_276' title='bbox 560 2964 656 3028; x_wconf 90' lang='lat' dir='ltr'>simul</span> <span class='ocrx_word' id='word_1_277' title='bbox 678 2966 726 3045; x_wconf 92' lang='lat' dir='ltr'>iis,</span> <span class='ocrx_word' id='word_1_278' title='bbox 751 2987 833 3050; x_wconf 92' lang='lat' dir='ltr'>quae</span> <span class='ocrx_word' id='word_1_279' title='bbox 855 2964 1022 3046; x_wconf 71' lang='lat' dir='ltr'>videbant,</span> <span class='ocrx_word' id='word_1_280' title='bbox 1052 2966 1158 3050; x_wconf 90' lang='lat' dir='ltr'>iisque</span> <span class='ocrx_word' id='word_1_281' title='bbox 1188 2986 1270 3052; x_wconf 84' lang='lat' dir='ltr'>quae</span> 
     </span>
     <span class='ocr_line' id='line_1_34' title="bbox 142 3047 1270 3136; baseline -0.002 -19"><span class='ocrx_word' id='word_1_282' title='bbox 142 3064 216 3118; x_wconf 88' lang='lat' dir='ltr'>acta</span> <span class='ocrx_word' id='word_1_283' title='bbox 246 3052 370 3116; x_wconf 89' lang='lat' dir='ltr'>Romae</span> <span class='ocrx_word' id='word_1_284' title='bbox 397 3052 576 3131; x_wconf 87' lang='lat' dir='ltr'>audierant,</span> <span class='ocrx_word' id='word_1_285' title='bbox 611 3049 802 3136; x_wconf 82' lang='lat' dir='ltr'>perturbati,</span> <span class='ocrx_word' id='word_1_286' title='bbox 836 3050 919 3114; x_wconf 86' lang='lat' dir='ltr'>alius</span> <span class='ocrx_word' id='word_1_287' title='bbox 950 3052 984 3114; x_wconf 93' lang='lat' dir='ltr'>in</span> <span class='ocrx_word' id='word_1_288' title='bbox 1016 3049 1112 3114; x_wconf 89' lang='lat' dir='ltr'>aliam</span> <span class='ocrx_word' id='word_1_289' title='bbox 1144 3047 1270 3135; x_wconf 85' lang='lat' dir='ltr'>partem</span> 
     </span>
     <span class='ocr_line' id='line_1_35' title="bbox 143 3135 1269 3221; baseline -0.003 -18"><span class='ocrx_word' id='word_1_290' title='bbox 143 3148 322 3203; x_wconf 88' lang='lat' dir='ltr'>castrorum</span> <span class='ocrx_word' id='word_1_291' title='bbox 346 3137 386 3200; x_wconf 88' lang='lat' dir='ltr'>ad</span> <span class='ocrx_word' id='word_1_292' title='bbox 411 3138 573 3202; x_wconf 88' lang='lat' dir='ltr'>sedandos</span> <span class='ocrx_word' id='word_1_293' title='bbox 597 3148 702 3202; x_wconf 90' lang='lat' dir='ltr'>motus</span> <span class='ocrx_word' id='word_1_294' title='bbox 727 3137 920 3202; x_wconf 89' lang='lat' dir='ltr'>discurrunt.</span> <span class='ocrx_word' id='word_1_295' title='bbox 954 3146 987 3200; x_wconf 86' lang='lat' dir='ltr'>et</span> <span class='ocrx_word' id='word_1_296' title='bbox 1007 3135 1125 3201; x_wconf 91' lang='lat' dir='ltr'>leniter</span> <span class='ocrx_word' id='word_1_297' title='bbox 1148 3139 1269 3221; x_wconf 89' lang='lat' dir='ltr'>agenti·</span> 
     </span>
     <span class='ocr_line' id='line_1_36' title="bbox 142 3221 1269 3310; baseline -0.001 -21"><span class='ocrx_word' id='word_1_298' title='bbox 142 3227 204 3290; x_wconf 91' lang='lat' dir='ltr'>bus</span> <span class='ocrx_word' id='word_1_299' title='bbox 226 3247 419 3310; x_wconf 89' lang='lat' dir='ltr'>responsum</span> <span class='ocrx_word' id='word_1_300' title='bbox 441 3245 506 3287; x_wconf 90' lang='lat' dir='ltr'>non</span> <span class='ocrx_word' id='word_1_301' title='bbox 528 3224 691 3305; x_wconf 76' lang='lat' dir='ltr'>redditur3</span> <span class='ocrx_word' id='word_1_302' title='bbox 729 3225 901 3308; x_wconf 88' lang='lat' dir='ltr'>imperium</span> <span class='ocrx_word' id='word_1_303' title='bbox 935 3222 962 3287; x_wconf 89' lang='lat' dir='ltr'>si</span> <span class='ocrx_word' id='word_1_304' title='bbox 994 3225 1065 3308; x_wconf 90' lang='lat' dir='ltr'>quis</span> <span class='ocrx_word' id='word_1_305' title='bbox 1099 3221 1269 3301; x_wconf 77' lang='lat' dir='ltr'>inhiberet</span> 
     </span>
     <span class='ocr_line' id='line_1_37' title="bbox 90 3309 1269 3394; baseline -0.004 -17"><span class='ocrx_word' id='word_1_306' title='bbox 90 3330 122 3377; x_wconf 82' lang='lat'>13</span> <span class='ocrx_word' id='word_1_307' title='bbox 144 3323 177 3378; x_wconf 92' lang='lat' dir='ltr'>et</span> <span class='ocrx_word' id='word_1_308' title='bbox 200 3313 288 3375; x_wconf 85' lang='lat' dir='ltr'>viros</span> <span class='ocrx_word' id='word_1_309' title='bbox 312 3322 344 3374; x_wconf 92' lang='lat' dir='ltr'>et</span> <span class='ocrx_word' id='word_1_310' title='bbox 368 3321 509 3373; x_wconf 90' lang='lat' dir='ltr'>armatos</span> <span class='ocrx_word' id='word_1_311' title='bbox 533 3331 568 3373; x_wconf 89' lang='lat' dir='ltr'>se</span> <span class='ocrx_word' id='word_1_312' title='bbox 592 3332 664 3374; x_wconf 86' lang='lat' dir='ltr'>esse</span> <span class='ocrx_word' id='word_1_313' title='bbox 692 3309 918 3394; x_wconf 88' lang='lat' dir='ltr'>respondetur.</span> <span class='ocrx_word' id='word_1_314' title='bbox 956 3318 1035 3372; x_wconf 88' lang='lat' dir='ltr'>eunt</span> <span class='ocrx_word' id='word_1_315' title='bbox 1065 3311 1195 3392; x_wconf 78' lang='lat' dir='ltr'>agmine</span> <span class='ocrx_word' id='word_1_316' title='bbox 1228 3309 1269 3374; x_wconf 91' lang='lat' dir='ltr'>ad</span> 
     </span>
     <span class='ocr_line' id='line_1_38' title="bbox 142 3394 1270 3482; baseline -0.003 -20"><span class='ocrx_word' id='word_1_317' title='bbox 142 3398 257 3462; x_wconf 88' lang='lat' dir='ltr'>urbem</span> <span class='ocrx_word' id='word_1_318' title='bbox 281 3407 313 3460; x_wconf 90' lang='lat' dir='ltr'>et</span> <span class='ocrx_word' id='word_1_319' title='bbox 329 3397 525 3460; x_wconf 86' lang='lat' dir='ltr'>Aventinum</span> <span class='ocrx_word' id='word_1_320' title='bbox 547 3395 698 3477; x_wconf 90' lang='lat' dir='ltr'>insidunt,</span> <span class='ocrx_word' id='word_1_321' title='bbox 723 3397 910 3482; x_wconf 87' lang='lat' dir='ltr'>utquisque</span> <span class='ocrx_word' id='word_1_322' title='bbox 926 3404 1121 3472; x_wconf 84' lang='lat' dir='ltr'>occurrerat,</span> <span class='ocrx_word' id='word_1_323' title='bbox 1162 3394 1270 3460; x_wconf 93' lang='lat' dir='ltr'>lebem</span> 
     </span>
     <span class='ocr_line' id='line_1_39' title="bbox 143 3417 1269 3569; baseline -0.001 -22"><span class='ocrx_word' id='word_1_324' title='bbox 143 3486 183 3547; x_wconf 91' lang='lat' dir='ltr'>ad</span> <span class='ocrx_word' id='word_1_325' title='bbox 208 3482 418 3569; x_wconf 89' lang='lat' dir='ltr'>repetendam</span> <span class='ocrx_word' id='word_1_326' title='bbox 441 3481 625 3546; x_wconf 88' lang='lat' dir='ltr'>libertatem</span> <span class='ocrx_word' id='word_1_327' title='bbox 653 3482 878 3567; x_wconf 88' lang='lat' dir='ltr'>creandosque</span> <span class='ocrx_word' id='word_1_328' title='bbox 908 3481 1055 3545; x_wconf 88' lang='lat' dir='ltr'>tribunos</span> <span class='ocrx_word' id='word_1_329' title='bbox 1086 3417 1193 3567; x_wconf 76' lang='lat' dir='ltr'>plebis</span> <span class='ocrx_word' id='word_1_330' title='bbox 1216 3482 1269 3546; x_wconf 88' lang='lat' dir='ltr'>ad·</span> 
     </span>
     <span class='ocr_line' id='line_1_40' title="bbox 89 3566 1269 3653; baseline -0.008 -14"><span class='ocrx_word' id='word_1_331' title='bbox 89 3592 122 3639; x_wconf 84' lang='lat'>14</span> <span class='ocrx_word' id='word_1_332' title='bbox 143 3571 319 3634; x_wconf 89' lang='lat' dir='ltr'>hortantes.</span> <span class='ocrx_word' id='word_1_333' title='bbox 344 3569 407 3632; x_wconf 90' lang='lat' dir='ltr'>alia</span> <span class='ocrx_word' id='word_1_334' title='bbox 429 3590 495 3632; x_wconf 87' lang='lat' dir='ltr'>vox</span> <span class='ocrx_word' id='word_1_335' title='bbox 518 3567 606 3632; x_wconf 91' lang='lat' dir='ltr'>nulla</span> <span class='ocrx_word' id='word_1_336' title='bbox 627 3568 769 3632; x_wconf 81' lang='lat' dir='ltr'>violenta</span> <span class='ocrx_word' id='word_1_337' title='bbox 800 3567 911 3631; x_wconf 86' lang='lat' dir='ltr'>audita</span> <span class='ocrx_word' id='word_1_338' title='bbox 947 3575 1006 3632; x_wconf 90' lang='lat' dir='ltr'>est.</span> <span class='ocrx_word' id='word_1_339' title='bbox 1041 3577 1189 3632; x_wconf 90' lang='lat' dir='ltr'>senatum</span> <span class='ocrx_word' id='word_1_340' title='bbox 1215 3566 1269 3653; x_wconf 85' lang='lat' dir='ltr'>sp.</span> 
     </span>
     <span class='ocr_line' id='line_1_41' title="bbox 143 3652 1269 3802; baseline -0.003 -82"><span class='ocrx_word' id='word_1_341' title='bbox 143 3657 271 3742; x_wconf 92' lang='lat' dir='ltr'>Oppius</span> <span class='ocrx_word' id='word_1_342' title='bbox 304 3655 413 3719; x_wconf 90' lang='lat' dir='ltr'>habet.</span> <span class='ocrx_word' id='word_1_343' title='bbox 451 3652 531 3717; x_wconf 93' lang='lat' dir='ltr'>nihil</span> <span class='ocrx_word' id='word_1_344' title='bbox 562 3653 671 3739; x_wconf 93' lang='lat' dir='ltr'>placet</span> <span class='ocrx_word' id='word_1_345' title='bbox 703 3675 819 3741; x_wconf 87' lang='lat' dir='ltr'>aspere</span> <span class='ocrx_word' id='word_1_346' title='bbox 851 3653 916 3737; x_wconf 89' lang='lat' dir='ltr'>agi:</span> <span class='ocrx_word' id='word_1_347' title='bbox 956 3653 1095 3802; x_wconf 85' lang='lat' dir='ltr'>quippe</span> <span class='ocrx_word' id='word_1_348' title='bbox 1116 3653 1158 3717; x_wconf 88' lang='lat' dir='ltr'>ab</span> <span class='ocrx_word' id='word_1_349' title='bbox 1190 3655 1269 3741; x_wconf 89' lang='lat' dir='ltr'>ipsis</span> 
     </span>
     <span class='ocr_line' id='line_1_42' title="bbox 88 3738 1299 3823; baseline -0.004 -18"><span class='ocrx_word' id='word_1_350' title='bbox 88 3766 121 3814; x_wconf 80' lang='lat'>15</span> <span class='ocrx_word' id='word_1_351' title='bbox 142 3744 252 3806; x_wconf 89' lang='lat' dir='ltr'>datum</span> <span class='ocrx_word' id='word_1_352' title='bbox 277 3740 385 3805; x_wconf 91' lang='lat' dir='ltr'>locum</span> <span class='ocrx_word' id='word_1_353' title='bbox 408 3741 559 3805; x_wconf 88' lang='lat' dir='ltr'>seditioni</span> <span class='ocrx_word' id='word_1_354' title='bbox 583 3762 664 3804; x_wconf 88' lang='lat' dir='ltr'>esse.</span> <span class='ocrx_word' id='word_1_355' title='bbox 687 3742 857 3804; x_wconf 89' lang='lat' dir='ltr'>mittuntur</span> <span class='ocrx_word' id='word_1_356' title='bbox 880 3748 946 3803; x_wconf 89' lang='lat' dir='ltr'>tres</span> <span class='ocrx_word' id='word_1_357' title='bbox 982 3740 1068 3823; x_wconf 90' lang='lat' dir='ltr'>egati</span> <span class='ocrx_word' id='word_1_358' title='bbox 1084 3738 1269 3804; x_wconf 87' lang='lat' dir='ltr'>consulares</span> <span class='ocrx_word' id='word_1_359' title='bbox 1296 3791 1299 3800; x_wconf 92' lang='lat'>.</span> 
     </span>
     <span class='ocr_line' id='line_1_43' title="bbox 127 3823 1269 3914; baseline 0.001 -24"><span class='ocrx_word' id='word_1_360' title='bbox 127 3827 185 3913; x_wconf 81' lang='lat' dir='ltr'>Sp.</span> <span class='ocrx_word' id='word_1_361' title='bbox 213 3827 383 3914; x_wconf 83' lang='lat' dir='ltr'>Tarpeius,</span> <span class='ocrx_word' id='word_1_362' title='bbox 411 3824 446 3894; x_wconf 81' lang='grc' dir='ltr'>Ο.</span> <span class='ocrx_word' id='word_1_363' title='bbox 470 3823 585 3914; x_wconf 92' lang='lat' dir='ltr'>Iulius,</span> <span class='ocrx_word' id='word_1_364' title='bbox 607 3825 645 3892; x_wconf 91' lang='lat' dir='ltr'>P.</span> <span class='ocrx_word' id='word_1_365' title='bbox 662 3824 837 3913; x_wconf 83' lang='lat' dir='ltr'>Sulpicius,</span> <span class='ocrx_word' id='word_1_366' title='bbox 857 3825 914 3911; x_wconf 86' lang='lat' dir='ltr'>qui</span> <span class='ocrx_word' id='word_1_367' title='bbox 928 3835 1124 3911; x_wconf 86' lang='lat' dir='ltr'>quaererent</span> <span class='ocrx_word' id='word_1_368' title='bbox 1138 3836 1269 3892; x_wconf 84' lang='lat' dir='ltr'>senatus</span> 
     </span>
    </p>
   </div>
   <div class='ocr_carea' id='block_1_4' title="bbox 0 0 1374 4146">
    <p class='ocr_par' dir='ltr' id='par_1_4' title="bbox 0 0 1374 4146">
     <span class='ocr_line' id='line_1_44' title="bbox 0 0 1374 4146; baseline 0 0"><span class='ocrx_word' id='word_1_369' title='bbox 0 0 1374 4146; x_wconf 95' lang='lat' dir='ltr'> </span> 
     </span>
    </p>
   </div>
  </div>
 </body>
</html>
