2738 4146
86 132 129 191 70
335 147 443 196 nmen
461 148 496 196 u.
516 145 590 195 cae.
610 148 650 196 ao.
669 149 710 196 ar.
730 143 763 212 [a.
782 144 814 195 u.
834 160 856 194 ο.
875 143 1029 209 asa-eset

136 317 240 380 aciem
250 339 359 381 secum
375 319 468 403 rapit.
485 318 546 382 hos
563 318 689 402 agmine
704 319 871 382 venientes
887 317 923 379 T.
934 316 1123 380 Herminius
1139 314 1274 398 legatus

137 404 340 488 conspicatus
363 405 511 490 interque
535 427 590 469 eos
612 406 771 487 insignem
793 414 885 467 veste
906 404 1070 487 armisque
1086 401 1271 466 Mamilium

137 491 301 553 noscitans
314 500 403 554 tanto
419 491 452 554 vi
468 492 600 561 maiore,
618 513 714 575 quam
730 488 828 574 paulo
846 500 919 553 ante
935 491 1091 571 magister
1107 487 1270 574 equitum,

98 594 114 642 9
139 597 211 638 cum
234 575 375 639 hostium
399 576 481 640 duce
501 575 659 661 proelium
682 577 761 652 iniit,
785 586 821 640 ut
845 585 878 639 et
899 598 963 639 uno
980 577 1049 638 ictu
1070 574 1272 638 transfixum

163 683 197 725 er
212 659 296 725 latus
314 662 470 726 occiderit
485 662 664 725 Mamilium
681 672 714 724 et
735 663 805 747 ipse
821 664 905 725 inter
921 659 1128 746 spoliandum
1145 682 1271 745 corpus

137 684 240 810 hostis
263 758 377 812 veruto
400 770 585 834 percussus,
616 770 689 812 cum
711 748 870 812 victorin
894 757 1000 811 castra
1023 757 1109 810 esset
1131 745 1271 828 relatus,

95 834 221 902 winter
237 835 373 918 primam
389 836 587 898 curationem
605 835 828 919 exspiraverit.
843 844 912 898 tum
927 833 967 897 ad
983 834 1107 917 equites
1124 833 1271 899 dictator

138 918 271 983 advolat
295 920 471 1001 obtestans,
495 932 531 983 ut
554 920 640 984 fesso
663 922 727 983 iam
749 920 860 1005 pedite
885 919 1085 984 descendant
1109 940 1152 981 ex
1173 921 1272 1002 equis

138 1014 170 1069 et
191 1028 333 1090 pugnam
350 1016 530 1091 capessant.
555 1007 642 1071 dicto
665 1028 818 1090 paruere:
837 1005 989 1069 desiliunt
1004 1018 1053 1067 ex·
1063 1006 1166 1088 equis,
1190 1028 1269 1090 pro·

93 1114 125 1162 11
136 1089 248 1155 volant
261 1093 295 1155 in
309 1095 449 1177 primum
466 1102 498 1156 et
512 1114 572 1177 pro
589 1093 807 1177 antesignanis
823 1114 952 1177 parmas
970 1091 1123 1155 obiciunt.
1147 1093 1271 1176 recipit

136 1177 301 1262 extemplo
325 1181 470 1241 animum
488 1179 649 1262 pedestris
673 1179 768 1257 acies,
799 1188 975 1263 postquam
994 1178 1171 1241 iuventutis
1193 1200 1269 1261 pro·

136 1285 227 1327 ceres
250 1275 389 1348 aequato
412 1286 533 1348 genere
556 1286 685 1349 pugnae
714 1287 824 1328 secum
850 1273 977 1348 partem
1004 1261 1142 1347 periculi
1170 1265 1269 1327 susti·

134 1359 248 1413 nentes
271 1351 362 1413 vidit.
386 1359 456 1413 tum
485 1350 614 1414 demum
640 1351 760 1434 inpulsi
782 1349 898 1427 Latini,
929 1347 1146 1435 perculsaque
1174 1348 1268 1412 incli-

94 1437 225 1507 12navit
248 1437 342 1500 acies.
367 1437 467 1521 equiti
491 1437 614 1500 admoti
638 1439 722 1522 equi,
752 1447 788 1499 ut
810 1437 963 1521 persequi
987 1434 1116 1499 hostem
1138 1445 1267 1521 posset;

136 1531 249 1586 secuta
272 1532 304 1585 et
326 1522 486 1606 pedestris
503 1523 598 1586 acies.
621 1522 667 1586 ibi
682 1521 760 1584 nihil
784 1544 844 1584 noc
868 1523 994 1584 divinae
1018 1543 1079 1585 nec
1101 1521 1267 1584 humanae

136 1609 206 1692 opis
229 1607 368 1671 dictator
389 1609 651 1693 praetermittens
675 1609 789 1672 aedem
807 1605 934 1672 Castori
948 1609 1077 1683 vovisse
1099 1606 1205 1671 fertur
1229 1629 1269 1670 ac

2 1735 4 1738 -
159 1696 362 1758 ronuntiasse
384 1693 477 1757 militi
491 1695 646 1780 praemia,
671 1696 725 1780 qui
747 1695 880 1779 primus,
905 1695 960 1778 qui
975 1693 1138 1757 secundus
1159 1705 1269 1756 castra

93 1717 276 1854 13Tostium
299 1781 465 1860 intrasset3
503 1790 678 1864 tantusque
701 1782 800 1843 ardor
826 1780 894 1860 fuit,
923 1790 958 1843 ut
987 1780 1102 1844 eodem
1129 1780 1268 1865 impetu,

137 1888 200 1951 quo
231 1865 382 1929 fuderant
412 1866 541 1930 hostem
569 1866 715 1946 Romani,
748 1875 855 1929 castra
882 1875 1045 1951 caperent.
1076 1865 1268 1929 hoc-modo

135 1953 176 2014 ad
195 1951 301 2014 lacum
319 1951 479 2034 Regillum
500 1964 678 2036 pugnaturn
701 1962 758 2017 est.
785 1952 923 2016 dictator
945 1963 977 2015 et
997 1953 1152 2034 magister
1176 1952 1267 2037 equi-

134 2047 203 2101 tum
225 2037 462 2122 triumphantes
485 2039 518 2100 in
540 2037 654 2101 urbem
678 2038 815 2102 rediere.

100 2152 114 2199 1
236 2123 330 2187 XXI.
354 2124 505 2187 Triennio
530 2123 647 2185 deinde
670 2146 732 2187 nec
756 2134 844 2186 certa
867 2145 934 2208 pax
960 2144 1021 2186 nec
1038 2119 1173 2187 ¹bellum
1195 2123 1267 2187 fuit.

135 2208 282 2273 consules
308 2207 346 2288 Q
372 2208 513 2274 Cloelius
542 2219 574 2274 et
595 2210 632 2274 T.
655 2209 800 2285 Larcius,
830 2210 905 2272 inde
928 2208 968 2271 A.
994 2207 1205 2292 Sempronius
1236 2219 1268 2290 et

93 2311 109 2359 2
135 2295 178 2357 M.
201 2294 371 2358 Minucius.
395 2295 444 2359 his
468 2294 654 2359 consulibus
678 2296 775 2359 aedes
800 2294 938 2359 Saturno
963 2294 1123 2374 dedicata,
1153 2292 1265 2358 Satur·

135 2381 219 2444 nalia
240 2382 403 2445 institutus
426 2382 527 2445 festus
551 2383 630 2446 dies.
655 2381 694 2444 A.
719 2382 836 2445 deinde
858 2381 1044 2444 Postumius
1068 2391 1100 2442 et
1122 2379 1159 2444 T.
1186 2380 1265 2444 Ver·

94 2469 238 2550 aginius
263 2468 411 2531 consules
435 2468 522 2531 facti.
546 2468 608 2531 hoc
632 2468 762 2530 demum
793 2489 875 2531 anno
905 2467 945 2529 ad
965 2465 1127 2551 Regillum
1157 2464 1268 2530 lacum

134 2564 309 2638 pugnaturn
333 2555 419 2637 apud
445 2554 602 2639 quosdam
624 2555 767 2618 invenio:
793 2556 831 2616 A.
855 2553 1067 2635 Postumium,
1092 2552 1169 2636 quia
1193 2574 1267 2617 con·

133 2639 207 2722 lega
231 2640 349 2702 dubiae
372 2639 449 2702 fidei
473 2640 578 2721 fuerit,
603 2661 638 2703 se
662 2639 833 2704 consulatu
856 2639 1041 2720 abdicasse3
1072 2639 1267 2702 dictatorem

92 2744 110 2792 4
134 2727 211 2789 inde
237 2725 367 2788 facturn.
395 2725 475 2789 tanti
504 2746 631 2790 errores
659 2725 813 2810 inplicant
840 2736 1024 2810 temporum
1052 2723 1145 2787 aliter
1178 2725 1268 2808 apud

136 2809 215 2874 alios
239 2811 393 2874 ordinatis
417 2810 669 2895 magistratibus,
694 2823 728 2874 ut
750 2833 811 2875 nec
834 2813 889 2897 qui
912 2808 1060 2874 consules
1084 2811 1268 2895 secundum

136 2919 226 2982 quos,
253 2919 313 2960 neo
337 2897 413 2982 quid
439 2919 568 2982 quoque
592 2918 674 2959 anno
703 2908 810 2960 actum
841 2898 892 2977 sit,
920 2899 952 2959 in
980 2906 1069 2960 tanta
1101 2906 1268 2960 vetustate

134 3005 198 3046 non
220 3005 328 3047 rerum
352 2983 460 3062 modo,
485 2985 543 3045 sed
567 2985 661 3046 etiam
687 2996 853 3047 auctorum
879 2984 1028 3066 digerere
1050 2983 1167 3067 possis.

93 3090 110 3138 5
237 3070 298 3152 Ap.
324 3067 479 3132 Claudius
503 3069 619 3132 deinde
644 3081 675 3131 et
698 3069 733 3131 P.
758 3068 913 3133 Servilius
937 3066 1085 3132 consules
1107 3067 1198 3145 facti.
1221 3069 1267 3131 in·

135 3155 234 3238 signis
258 3155 310 3229 hic
333 3176 434 3218 annus
459 3169 507 3218 est
521 3156 631 3218 nuntio
648 3155 816 3240 Tarquinii
831 3157 954 3219 mortis.
978 3164 1125 3219 mortuus
1142 3152 1267 3235 Gumis,

135 3262 199 3326 quo
224 3264 259 3304 se
281 3253 355 3325 post
376 3242 496 3304 fractas
521 3263 599 3325 opes
615 3241 804 3305 Latinorum
829 3242 870 3303 ad
887 3241 1133 3304 Aristodemum
1154 3250 1266 3324 tyran·

94 3349 110 3398 6
135 3349 213 3389 num
238 3327 425 3391 contulerat.
456 3349 492 3391 eo
517 3328 627 3390 nuntio
652 3329 750 3391 erecti
774 3337 893 3412 patres,
923 3340 1030 3390 erecta
1053 3325 1178 3409 plebes.
1208 3325 1268 3390 sed

76 3434 79 3441 ’
134 3412 282 3498 patribus
304 3415 398 3476 nimis
422 3413 588 3475 luxuriosa
616 3435 653 3474 ea
680 3413 739 3476 fuit
762 3413 898 3491 laetitia3
927 3412 1024 3498 plebi,
1055 3413 1103 3475 cui
1128 3411 1170 3475 ad
1195 3434 1268 3476 eam

136 3499 221 3561 diem
246 3521 371 3562 summa
392 3521 453 3583 ope
477 3501 666 3561 inservitum
684 3509 762 3579 erat,
786 3501 922 3561 iniuriae
940 3522 958 3561 a
974 3498 1173 3583 primoribus
1196 3497 1268 3561 fieri

94 3608 109 3656 ⁷
136 3606 284 3667 coepere.
309 3586 423 3648 eodem
452 3606 534 3647 anno
559 3584 669 3667 Signia
696 3584 829 3657 colonia,
861 3606 957 3670 quam
986 3607 1046 3648 rex
1068 3583 1267 3670 Tarquinius

135 3670 327 3751 deduxerat,
352 3669 501 3755 suppleto
525 3693 660 3733 numero
686 3672 871 3736 colonorum
895 3673 1013 3733 iterum
1037 3670 1182 3734 deducta
1206 3679 1266 3734 est.

133 3755 257 3820 Romae
280 3755 383 3819 tribus
407 3779 470 3820 una
494 3765 526 3819 et
548 3757 662 3840 viginti
685 3756 800 3821 factae.
824 3757 922 3820 aedes
945 3756 1090 3821 Mercuri
1112 3754 1268 3820 dedicata

123 3851 178 3903 est
197 3841 310 3906 idibus
332 3842 439 3907 Maiis.
993 3867 997 3875 ·
1243 3872 1247 3881 ·
