<?xml version="1.0" encoding="UTF-8"?>
<!DOCTYPE html PUBLIC "-//W3C//DTD XHTML 1.0 Transitional//EN"
    "http://www.w3.org/TR/xhtml1/DTD/xhtml1-transitional.dtd">
<html xmlns="http://www.w3.org/1999/xhtml" xml:lang="en" lang="en">
 <head>
  <title>
</title>
<meta http-equiv="Content-Type" content="text/html;charset=utf-8" />
  <meta name='ocr-system' content='tesseract 3.04.00' />
  <meta name='ocr-capabilities' content='ocr_page ocr_carea ocr_par ocr_line ocrx_word'/>
</head>
<body>
  <div class='ocr_page' id='page_1' title='image "./aburbeconditali02livygoog_0030.png"; bbox 0 0 2738 4146; ppageno 0'>
   <div class='ocr_carea' id='block_1_1' title="bbox 269 155 1244 365">
    <p class='ocr_par' dir='ltr' id='par_1_1' title="bbox 269 155 1244 365">
     <span class='ocr_line' id='line_1_1' title="bbox 269 155 1244 235; baseline -0.005 -19"><span class='ocrx_word' id='word_1_1' title='bbox 269 160 273 167; x_wconf 88' lang='lat'>&#39;</span> <span class='ocrx_word' id='word_1_2' title='bbox 307 168 418 216; x_wconf 79' lang='lat' dir='ltr'>arnna</span> <span class='ocrx_word' id='word_1_3' title='bbox 435 168 456 216; x_wconf 89' lang='lat'>1.</span> <span class='ocrx_word' id='word_1_4' title='bbox 494 166 970 235; x_wconf 74' lang='lat' dir='ltr'>cAP.18.19.[a.U.c.39-82]</span> <span class='ocrx_word' id='word_1_5' title='bbox 1205 155 1244 212; x_wconf 86' lang='lat'>17</span> 
     </span>
     <span class='ocr_line' id='line_1_2' title="bbox 935 301 958 365; baseline 0 0"><span class='ocrx_word' id='word_1_6' title='bbox 935 301 958 365; x_wconf 74' lang='lat' dir='ltr'>tl</span> 
     </span>
    </p>
   </div>
   <div class='ocr_carea' id='block_1_2' title="bbox 10 338 1247 3866">
    <p class='ocr_par' dir='ltr' id='par_1_2' title="bbox 59 338 1278 1716">
     <span class='ocr_line' id='line_1_3' title="bbox 60 338 1229 429; baseline -0.003 -20"><span class='ocrx_word' id='word_1_7' title='bbox 60 344 203 429; x_wconf 69' lang='lat' dir='ltr'>adeptus</span> <span class='ocrx_word' id='word_1_8' title='bbox 227 348 285 421; x_wconf 86' lang='lat' dir='ltr'>est,</span> <span class='ocrx_word' id='word_1_9' title='bbox 311 340 351 403; x_wconf 87' lang='lat' dir='ltr'>de</span> <span class='ocrx_word' id='word_1_10' title='bbox 375 362 410 402; x_wconf 90' lang='lat' dir='ltr'>se</span> <span class='ocrx_word' id='word_1_11' title='bbox 434 361 564 424; x_wconf 91' lang='lat' dir='ltr'>quoque</span> <span class='ocrx_word' id='word_1_12' title='bbox 588 341 666 403; x_wconf 91' lang='lat' dir='ltr'>deos</span> <span class='ocrx_word' id='word_1_13' title='bbox 690 338 814 403; x_wconf 86' lang='lat' dir='ltr'>consuli</span> <span class='ocrx_word' id='word_1_14' title='bbox 838 342 941 404; x_wconf 87' lang='lat' dir='ltr'>iussit.</span> <span class='ocrx_word' id='word_1_15' title='bbox 977 341 1050 403; x_wconf 91' lang='lat' dir='ltr'>inde</span> <span class='ocrx_word' id='word_1_16' title='bbox 1074 340 1116 403; x_wconf 88' lang='lat' dir='ltr'>ab</span> <span class='ocrx_word' id='word_1_17' title='bbox 1139 362 1193 404; x_wconf 88' lang='lat' dir='ltr'>au·</span> <span class='ocrx_word' id='word_1_18' title='bbox 1214 360 1229 406; x_wconf 84' lang='grc'><strong>6</strong></span> 
     </span>
     <span class='ocr_line' id='line_1_4' title="bbox 59 425 1193 515; baseline -0.003 -23"><span class='ocrx_word' id='word_1_19' title='bbox 59 452 150 515; x_wconf 82' lang='lat' dir='ltr'>gare,</span> <span class='ocrx_word' id='word_1_20' title='bbox 187 427 239 490; x_wconf 91' lang='lat' dir='ltr'>cui</span> <span class='ocrx_word' id='word_1_21' title='bbox 263 425 381 488; x_wconf 89' lang='lat' dir='ltr'>deinde</span> <span class='ocrx_word' id='word_1_22' title='bbox 405 425 538 488; x_wconf 87' lang='lat' dir='ltr'>honoris</span> <span class='ocrx_word' id='word_1_23' title='bbox 572 447 649 509; x_wconf 88' lang='lat' dir='ltr'>ergo</span> <span class='ocrx_word' id='word_1_24' title='bbox 673 425 839 509; x_wconf 89' lang='lat' dir='ltr'>publicum</span> <span class='ocrx_word' id='word_1_25' title='bbox 874 426 908 489; x_wconf 92' lang='lat' dir='ltr'>id</span> <span class='ocrx_word' id='word_1_26' title='bbox 932 437 1193 512; x_wconf 90' lang='lat' dir='ltr'>perpetuumque</span> 
     </span>
     <span class='ocr_line' id='line_1_5' title="bbox 61 511 1204 596; baseline -0.006 -15"><span class='ocrx_word' id='word_1_27' title='bbox 61 513 280 580; x_wconf 76' lang='lat' dir='ltr'>sacerdotium</span> <span class='ocrx_word' id='word_1_28' title='bbox 304 512 374 593; x_wconf 88' lang='lat' dir='ltr'>fuit,</span> <span class='ocrx_word' id='word_1_29' title='bbox 399 511 559 574; x_wconf 86' lang='lat' dir='ltr'>deductus</span> <span class='ocrx_word' id='word_1_30' title='bbox 582 513 614 573; x_wconf 89' lang='lat' dir='ltr'>in</span> <span class='ocrx_word' id='word_1_31' title='bbox 638 533 746 575; x_wconf 90' lang='lat' dir='ltr'>arcem</span> <span class='ocrx_word' id='word_1_32' title='bbox 770 513 803 574; x_wconf 94' lang='lat' dir='ltr'>in</span> <span class='ocrx_word' id='word_1_33' title='bbox 825 511 935 596; x_wconf 91' lang='lat' dir='ltr'>lapide</span> <span class='ocrx_word' id='word_1_34' title='bbox 958 513 999 576; x_wconf 87' lang='lat' dir='ltr'>ad</span> <span class='ocrx_word' id='word_1_35' title='bbox 1024 513 1204 585; x_wconf 50' lang='lat' dir='ltr'>meridiem,</span> 
     </span>
     <span class='ocr_line' id='line_1_6' title="bbox 60 597 1227 682; baseline -0.005 -15"><span class='ocrx_word' id='word_1_36' title='bbox 60 623 175 666; x_wconf 84' lang='lat' dir='ltr'>versus</span> <span class='ocrx_word' id='word_1_37' title='bbox 199 598 358 662; x_wconf 83' lang='lat' dir='ltr'><strong>consedit.</strong></span> <span class='ocrx_word' id='word_1_38' title='bbox 385 619 488 680; x_wconf 90' lang='lat' dir='ltr'>augur</span> <span class='ocrx_word' id='word_1_39' title='bbox 512 598 552 660; x_wconf 91' lang='lat' dir='ltr'>ad</span> <span class='ocrx_word' id='word_1_40' title='bbox 577 597 703 661; x_wconf 89' lang='lat' dir='ltr'>laevam</span> <span class='ocrx_word' id='word_1_41' title='bbox 728 600 797 661; x_wconf 89' lang='lat' dir='ltr'>eius</span> <span class='ocrx_word' id='word_1_42' title='bbox 822 601 929 682; x_wconf 88' lang='lat' dir='ltr'>capite</span> <span class='ocrx_word' id='word_1_43' title='bbox 953 598 1061 663; x_wconf 90' lang='lat' dir='ltr'>velato</span> <span class='ocrx_word' id='word_1_44' title='bbox 1080 599 1227 662; x_wconf 79' lang='lat' dir='ltr'>sedemt</span> 
     </span>
     <span class='ocr_line' id='line_1_7' title="bbox 61 682 1193 774; baseline -0.005 -22"><span class='ocrx_word' id='word_1_45' title='bbox 61 688 157 774; x_wconf 87' lang='lat' dir='ltr'>oepit,</span> <span class='ocrx_word' id='word_1_46' title='bbox 193 685 310 749; x_wconf 88' lang='lat' dir='ltr'>dextra</span> <span class='ocrx_word' id='word_1_47' title='bbox 339 705 435 746; x_wconf 91' lang='lat' dir='ltr'>manu</span> <span class='ocrx_word' id='word_1_48' title='bbox 468 682 619 748; x_wconf 86' lang='lat' dir='ltr'>baculum</span> <span class='ocrx_word' id='word_1_49' title='bbox 652 685 721 747; x_wconf 87' lang='lat' dir='ltr'>sine</span> <span class='ocrx_word' id='word_1_50' title='bbox 751 685 837 749; x_wconf 92' lang='lat' dir='ltr'>nodo</span> <span class='ocrx_word' id='word_1_51' title='bbox 872 685 1035 749; x_wconf 88' lang='lat' dir='ltr'>aduncum</span> <span class='ocrx_word' id='word_1_52' title='bbox 1068 696 1193 765; x_wconf 86' lang='lat' dir='ltr'>tenens,</span> 
     </span>
     <span class='ocr_line' id='line_1_8' title="bbox 62 768 1194 860; baseline -0.006 -21"><span class='ocrx_word' id='word_1_53' title='bbox 62 796 159 860; x_wconf 91' lang='lat' dir='ltr'>quem</span> <span class='ocrx_word' id='word_1_54' title='bbox 197 770 312 834; x_wconf 90' lang='lat' dir='ltr'>lituum</span> <span class='ocrx_word' id='word_1_55' title='bbox 352 768 568 855; x_wconf 87' lang='lat' dir='ltr'>appellarunt.</span> <span class='ocrx_word' id='word_1_56' title='bbox 607 771 684 833; x_wconf 89' lang='lat' dir='ltr'>inde</span> <span class='ocrx_word' id='word_1_57' title='bbox 721 770 778 833; x_wconf 94' lang='lat' dir='ltr'>ubi</span> <span class='ocrx_word' id='word_1_58' title='bbox 805 781 982 855; x_wconf 88' lang='lat' dir='ltr'>prospectu</span> <span class='ocrx_word' id='word_1_59' title='bbox 1022 774 1052 832; x_wconf 91' lang='lat' dir='ltr'>in</span> <span class='ocrx_word' id='word_1_60' title='bbox 1077 770 1194 834; x_wconf 91' lang='lat' dir='ltr'>urbem</span> 
     </span>
     <span class='ocr_line' id='line_1_9' title="bbox 61 855 1193 944; baseline -0.003 -22"><span class='ocrx_word' id='word_1_61' title='bbox 61 878 242 944; x_wconf 82' lang='lat' dir='ltr'>agrumque</span> <span class='ocrx_word' id='word_1_62' title='bbox 266 867 361 941; x_wconf 89' lang='lat' dir='ltr'>capto</span> <span class='ocrx_word' id='word_1_63' title='bbox 387 856 465 919; x_wconf 88' lang='lat' dir='ltr'>deos</span> <span class='ocrx_word' id='word_1_64' title='bbox 488 865 641 940; x_wconf 80' lang='lat' dir='ltr'>precatus</span> <span class='ocrx_word' id='word_1_65' title='bbox 657 857 806 939; x_wconf 79' lang='lat' dir='ltr'>regiones</span> <span class='ocrx_word' id='word_1_66' title='bbox 829 855 870 920; x_wconf 91' lang='lat' dir='ltr'>ab</span> <span class='ocrx_word' id='word_1_67' title='bbox 895 857 1019 922; x_wconf 89' lang='lat' dir='ltr'>oriente</span> <span class='ocrx_word' id='word_1_68' title='bbox 1043 857 1084 919; x_wconf 87' lang='lat' dir='ltr'>ad</span> <span class='ocrx_word' id='word_1_69' title='bbox 1101 879 1193 920; x_wconf 91' lang='lat' dir='ltr'>occa·</span> 
     </span>
     <span class='ocr_line' id='line_1_10' title="bbox 61 942 1194 1028; baseline -0.004 -19"><span class='ocrx_word' id='word_1_70' title='bbox 61 969 129 1009; x_wconf 89' lang='lat' dir='ltr'>sum</span> <span class='ocrx_word' id='word_1_71' title='bbox 167 943 407 1023; x_wconf 81' lang='lat' dir='ltr'><strong>determinavit,</strong></span> <span class='ocrx_word' id='word_1_72' title='bbox 436 942 569 1006; x_wconf 88' lang='lat' dir='ltr'>dextras</span> <span class='ocrx_word' id='word_1_73' title='bbox 594 943 635 1004; x_wconf 90' lang='lat' dir='ltr'>ad</span> <span class='ocrx_word' id='word_1_74' title='bbox 659 942 831 1013; x_wconf 86' lang='lat' dir='ltr'>meridiem</span> <span class='ocrx_word' id='word_1_75' title='bbox 863 954 983 1028; x_wconf 90' lang='lat' dir='ltr'>partes,</span> <span class='ocrx_word' id='word_1_76' title='bbox 1009 944 1119 1025; x_wconf 80' lang='lat' dir='ltr'>laevas</span> <span class='ocrx_word' id='word_1_77' title='bbox 1150 942 1194 1006; x_wconf 88' lang='lat' dir='ltr'>ad</span> 
     </span>
     <span class='ocr_line' id='line_1_11' title="bbox 63 1028 1228 1118; baseline -0.002 -22"><span class='ocrx_word' id='word_1_78' title='bbox 63 1029 317 1118; x_wconf 79' lang='lat' dir='ltr'>septentrionem</span> <span class='ocrx_word' id='word_1_79' title='bbox 350 1050 422 1090; x_wconf 87' lang='lat' dir='ltr'>esse</span> <span class='ocrx_word' id='word_1_80' title='bbox 451 1028 542 1101; x_wconf 85' lang='lat' dir='ltr'>dixit,</span> <span class='ocrx_word' id='word_1_81' title='bbox 576 1029 703 1112; x_wconf 90' lang='lat' dir='ltr'>signum</span> <span class='ocrx_word' id='word_1_82' title='bbox 728 1037 849 1107; x_wconf 86' lang='lat' dir='ltr'>contra,</span> <span class='ocrx_word' id='word_1_83' title='bbox 874 1030 981 1114; x_wconf 91' lang='lat' dir='ltr'>quoad</span> <span class='ocrx_word' id='word_1_84' title='bbox 1006 1028 1192 1113; x_wconf 88' lang='lat' dir='ltr'>longissime</span> <span class='ocrx_word' id='word_1_85' title='bbox 1213 1046 1228 1094; x_wconf 85' lang='lat'>8</span> 
     </span>
     <span class='ocr_line' id='line_1_12' title="bbox 63 1113 1192 1202; baseline -0.006 -20"><span class='ocrx_word' id='word_1_86' title='bbox 63 1125 271 1202; x_wconf 85' lang='lat' dir='ltr'>conspectum</span> <span class='ocrx_word' id='word_1_87' title='bbox 288 1113 371 1178; x_wconf 93' lang='lat' dir='ltr'>oculi</span> <span class='ocrx_word' id='word_1_88' title='bbox 387 1113 544 1195; x_wconf 83' lang='lat' dir='ltr'>ferebant,</span> <span class='ocrx_word' id='word_1_89' title='bbox 570 1116 677 1177; x_wconf 90' lang='lat' dir='ltr'>animo</span> <span class='ocrx_word' id='word_1_90' title='bbox 694 1114 811 1194; x_wconf 79' lang='lat' dir='ltr'>finivit3</span> <span class='ocrx_word' id='word_1_91' title='bbox 835 1125 904 1178; x_wconf 88' lang='lat' dir='ltr'>turn</span> <span class='ocrx_word' id='word_1_92' title='bbox 920 1113 1000 1180; x_wconf 90' lang='lat' dir='ltr'>lituo</span> <span class='ocrx_word' id='word_1_93' title='bbox 1016 1117 1049 1177; x_wconf 94' lang='lat' dir='ltr'>in</span> <span class='ocrx_word' id='word_1_94' title='bbox 1064 1115 1192 1177; x_wconf 90' lang='lat' dir='ltr'>laevam</span> 
     </span>
     <span class='ocr_line' id='line_1_13' title="bbox 63 1199 1192 1285; baseline -0.004 -18"><span class='ocrx_word' id='word_1_95' title='bbox 63 1224 191 1267; x_wconf 88' lang='lat' dir='ltr'>manum</span> <span class='ocrx_word' id='word_1_96' title='bbox 215 1199 371 1264; x_wconf 87' lang='lat' dir='ltr'>translato</span> <span class='ocrx_word' id='word_1_97' title='bbox 396 1200 565 1263; x_wconf 81' lang='lat' dir='ltr'>dextram</span> <span class='ocrx_word' id='word_1_98' title='bbox 590 1211 688 1285; x_wconf 91' lang='lat' dir='ltr'>caput</span> <span class='ocrx_word' id='word_1_99' title='bbox 710 1200 837 1262; x_wconf 82' lang='lat' dir='ltr'>Numae</span> <span class='ocrx_word' id='word_1_100' title='bbox 869 1203 1010 1285; x_wconf 91' lang='lat' dir='ltr'>inposita</span> <span class='ocrx_word' id='word_1_101' title='bbox 1040 1211 1192 1285; x_wconf 79' lang='lat' dir='ltr'>precatus</span> 
     </span>
     <span class='ocr_line' id='line_1_14' title="bbox 62 1286 1225 1372; baseline 0.003 -22"><span class='ocrx_word' id='word_1_102' title='bbox 62 1289 104 1353; x_wconf 89' lang='lat' dir='ltr'>ita</span> <span class='ocrx_word' id='word_1_103' title='bbox 128 1298 192 1352; x_wconf 89' lang='lat' dir='ltr'>est:</span> <span class='ocrx_word' id='word_1_104' title='bbox 220 1286 387 1371; x_wconf 81' lang='lat' dir='ltr'>„Iuppiter</span> <span class='ocrx_word' id='word_1_105' title='bbox 402 1296 507 1371; x_wconf 85' lang='lat' dir='ltr'>pater,</span> <span class='ocrx_word' id='word_1_106' title='bbox 532 1288 559 1349; x_wconf 88' lang='lat' dir='ltr'>si</span> <span class='ocrx_word' id='word_1_107' title='bbox 583 1296 631 1349; x_wconf 91' lang='lat' dir='ltr'>est</span> <span class='ocrx_word' id='word_1_108' title='bbox 653 1287 701 1350; x_wconf 89' lang='lat' dir='ltr'>fas</span> <span class='ocrx_word' id='word_1_109' title='bbox 726 1286 811 1349; x_wconf 91' lang='lat' dir='ltr'>hunc</span> <span class='ocrx_word' id='word_1_110' title='bbox 826 1286 968 1349; x_wconf 87' lang='lat' dir='ltr'>Numam</span> <span class='ocrx_word' id='word_1_111' title='bbox 984 1286 1191 1372; x_wconf 86' lang='lat' dir='ltr'>Pompilium,</span> <span class='ocrx_word' id='word_1_112' title='bbox 1210 1305 1225 1353; x_wconf 86' lang='lat'>9</span> 
     </span>
     <span class='ocr_line' id='line_1_15' title="bbox 63 1372 1192 1457; baseline -0.004 -18"><span class='ocrx_word' id='word_1_113' title='bbox 63 1377 152 1439; x_wconf 90' lang='lat' dir='ltr'>ouius</span> <span class='ocrx_word' id='word_1_114' title='bbox 177 1395 238 1457; x_wconf 87' lang='lat' dir='ltr'>ego</span> <span class='ocrx_word' id='word_1_115' title='bbox 256 1382 354 1457; x_wconf 88' lang='lat' dir='ltr'>caput</span> <span class='ocrx_word' id='word_1_116' title='bbox 368 1382 475 1454; x_wconf 88' lang='lat' dir='ltr'>teneo,</span> <span class='ocrx_word' id='word_1_117' title='bbox 497 1394 609 1456; x_wconf 89' lang='lat' dir='ltr'>regem</span> <span class='ocrx_word' id='word_1_118' title='bbox 625 1373 748 1436; x_wconf 87' lang='lat' dir='ltr'>Romae</span> <span class='ocrx_word' id='word_1_119' title='bbox 763 1393 845 1453; x_wconf 88' lang='lat' dir='ltr'>esse,</span> <span class='ocrx_word' id='word_1_120' title='bbox 869 1373 916 1436; x_wconf 89' lang='lat' dir='ltr'>uti</span> <span class='ocrx_word' id='word_1_121' title='bbox 936 1382 973 1437; x_wconf 89' lang='lat' dir='ltr'>tu</span> <span class='ocrx_word' id='word_1_122' title='bbox 989 1374 1081 1454; x_wconf 86' lang='lat' dir='ltr'>signa</span> <span class='ocrx_word' id='word_1_123' title='bbox 1098 1372 1192 1436; x_wconf 91' lang='lat' dir='ltr'>nobis</span> 
     </span>
     <span class='ocr_line' id='line_1_16' title="bbox 61 1457 1193 1543; baseline -0.004 -18"><span class='ocrx_word' id='word_1_124' title='bbox 61 1469 150 1525; x_wconf 88' lang='lat' dir='ltr'>certa</span> <span class='ocrx_word' id='word_1_125' title='bbox 173 1457 366 1523; x_wconf 86' lang='lat' dir='ltr'>adclarassis</span> <span class='ocrx_word' id='word_1_126' title='bbox 393 1461 477 1522; x_wconf 91' lang='lat' dir='ltr'>inter</span> <span class='ocrx_word' id='word_1_127' title='bbox 510 1480 565 1522; x_wconf 88' lang='lat' dir='ltr'>eos</span> <span class='ocrx_word' id='word_1_128' title='bbox 598 1457 688 1539; x_wconf 87' lang='lat' dir='ltr'>fines,</span> <span class='ocrx_word' id='word_1_129' title='bbox 722 1480 803 1543; x_wconf 91' lang='lat' dir='ltr'>quos</span> <span class='ocrx_word' id='word_1_130' title='bbox 834 1458 929 1522; x_wconf 81' lang='lat' dir='ltr'>feci.“</span> <span class='ocrx_word' id='word_1_131' title='bbox 963 1469 1031 1522; x_wconf 93' lang='lat' dir='ltr'>tum</span> <span class='ocrx_word' id='word_1_132' title='bbox 1090 1459 1193 1541; x_wconf 88' lang='lat' dir='ltr'>eregit</span> 
     </span>
     <span class='ocr_line' id='line_1_17' title="bbox 61 1482 1247 1630; baseline 0.001 -20"><span class='ocrx_word' id='word_1_133' title='bbox 61 1547 170 1611; x_wconf 84' lang='lat' dir='ltr'>verbis</span> <span class='ocrx_word' id='word_1_134' title='bbox 195 1545 352 1630; x_wconf 86' lang='lat' dir='ltr'>auspicia,</span> <span class='ocrx_word' id='word_1_135' title='bbox 389 1567 472 1630; x_wconf 89' lang='lat' dir='ltr'>quae</span> <span class='ocrx_word' id='word_1_136' title='bbox 495 1546 578 1608; x_wconf 88' lang='lat' dir='ltr'>mitti</span> <span class='ocrx_word' id='word_1_137' title='bbox 602 1543 710 1608; x_wconf 89' lang='lat' dir='ltr'>vellet.</span> <span class='ocrx_word' id='word_1_138' title='bbox 736 1544 854 1629; x_wconf 92' lang='lat' dir='ltr'>quibus</span> <span class='ocrx_word' id='word_1_139' title='bbox 877 1545 983 1608; x_wconf 87' lang='lat' dir='ltr'>missis</span> <span class='ocrx_word' id='word_1_140' title='bbox 1006 1482 1192 1609; x_wconf 81' lang='lat' dir='ltr'>declaratus</span> <span class='ocrx_word' id='word_1_141' title='bbox 1214 1565 1247 1613; x_wconf 90' lang='lat'>10</span> 
     </span>
     <span class='ocr_line' id='line_1_18' title="bbox 60 1629 1238 1716; baseline -0.006 -19"><span class='ocrx_word' id='word_1_142' title='bbox 60 1656 119 1697; x_wconf 87' lang='lat' dir='ltr'>rex</span> <span class='ocrx_word' id='word_1_143' title='bbox 142 1631 250 1694; x_wconf 84' lang='lat' dir='ltr'>Numa</span> <span class='ocrx_word' id='word_1_144' title='bbox 273 1631 313 1693; x_wconf 90' lang='lat' dir='ltr'>de</span> <span class='ocrx_word' id='word_1_145' title='bbox 336 1630 460 1716; x_wconf 86' lang='lat' dir='ltr'>templo</span> <span class='ocrx_word' id='word_1_146' title='bbox 485 1629 663 1694; x_wconf 87' lang='lat' dir='ltr'>descendit.</span> <span class='ocrx_word' id='word_1_147' title='bbox 1217 1642 1238 1655; x_wconf 84' lang='grc'><strong>”</strong></span> 
     </span>
    </p>

    <p class='ocr_par' dir='ltr' id='par_1_3' title="bbox 10 1715 1229 2832">
     <span class='ocr_line' id='line_1_19' title="bbox 164 1715 1227 1801; baseline 0 -22"><span class='ocrx_word' id='word_1_148' title='bbox 164 1716 258 1779; x_wconf 89' lang='lat' dir='ltr'>XIX.</span> <span class='ocrx_word' id='word_1_149' title='bbox 284 1715 347 1794; x_wconf 81' lang='lat' dir='ltr'>Qui</span> <span class='ocrx_word' id='word_1_150' title='bbox 370 1737 471 1800; x_wconf 90' lang='lat' dir='ltr'>regno</span> <span class='ocrx_word' id='word_1_151' title='bbox 503 1718 549 1779; x_wconf 88' lang='lat' dir='ltr'>ita</span> <span class='ocrx_word' id='word_1_152' title='bbox 570 1718 692 1801; x_wconf 90' lang='lat' dir='ltr'>potitus</span> <span class='ocrx_word' id='word_1_153' title='bbox 720 1715 836 1779; x_wconf 82' lang='lat' dir='ltr'>urbem</span> <span class='ocrx_word' id='word_1_154' title='bbox 867 1739 995 1797; x_wconf 86' lang='lat' dir='ltr'>novam,</span> <span class='ocrx_word' id='word_1_155' title='bbox 1028 1717 1227 1785; x_wconf 88' lang='lat' dir='ltr'>conditam1</span> 
     </span>
     <span class='ocr_line' id='line_1_20' title="bbox 60 1801 1192 1887; baseline -0.004 -18"><span class='ocrx_word' id='word_1_156' title='bbox 60 1804 92 1870; x_wconf 85' lang='lat' dir='ltr'>vi</span> <span class='ocrx_word' id='word_1_157' title='bbox 125 1812 158 1866; x_wconf 89' lang='lat' dir='ltr'>et</span> <span class='ocrx_word' id='word_1_158' title='bbox 183 1804 290 1884; x_wconf 84' lang='lat' dir='ltr'>armis,</span> <span class='ocrx_word' id='word_1_159' title='bbox 323 1807 392 1867; x_wconf 91' lang='lat' dir='ltr'>iure</span> <span class='ocrx_word' id='word_1_160' title='bbox 428 1824 499 1866; x_wconf 90' lang='lat' dir='ltr'>eam</span> <span class='ocrx_word' id='word_1_161' title='bbox 523 1801 717 1887; x_wconf 83' lang='lat' dir='ltr'>legibusque</span> <span class='ocrx_word' id='word_1_162' title='bbox 752 1824 791 1865; x_wconf 90' lang='lat' dir='ltr'>ac</span> <span class='ocrx_word' id='word_1_163' title='bbox 814 1803 960 1866; x_wconf 88' lang='lat' dir='ltr'>moribus</span> <span class='ocrx_word' id='word_1_164' title='bbox 994 1803 1034 1866; x_wconf 91' lang='lat' dir='ltr'>de</span> <span class='ocrx_word' id='word_1_165' title='bbox 1067 1803 1192 1884; x_wconf 86' lang='lat' dir='ltr'>integro</span> 
     </span>
     <span class='ocr_line' id='line_1_21' title="bbox 60 1886 1229 1975; baseline -0.002 -21"><span class='ocrx_word' id='word_1_166' title='bbox 60 1889 205 1954; x_wconf 91' lang='lat' dir='ltr'>condere</span> <span class='ocrx_word' id='word_1_167' title='bbox 228 1899 331 1974; x_wconf 88' lang='lat' dir='ltr'>parat.</span> <span class='ocrx_word' id='word_1_168' title='bbox 365 1889 579 1975; x_wconf 88' lang='lat' dir='ltr'>quibuscum</span> <span class='ocrx_word' id='word_1_169' title='bbox 612 1890 696 1951; x_wconf 91' lang='lat' dir='ltr'>inter</span> <span class='ocrx_word' id='word_1_170' title='bbox 727 1886 814 1951; x_wconf 91' lang='lat' dir='ltr'>bella</span> <span class='ocrx_word' id='word_1_171' title='bbox 836 1889 1031 1953; x_wconf 88' lang='lat' dir='ltr'>adsuescere</span> <span class='ocrx_word' id='word_1_172' title='bbox 1064 1889 1229 1958; x_wconf 73' lang='lat' dir='ltr'>videreta</span> 
     </span>
     <span class='ocr_line' id='line_1_22' title="bbox 60 1974 1191 2061; baseline -0.001 -22"><span class='ocrx_word' id='word_1_173' title='bbox 60 1997 126 2039; x_wconf 95' lang='lat' dir='ltr'>non</span> <span class='ocrx_word' id='word_1_174' title='bbox 148 1997 256 2059; x_wconf 91' lang='lat' dir='ltr'>posse,</span> <span class='ocrx_word' id='word_1_175' title='bbox 281 1977 405 2061; x_wconf 89' lang='lat' dir='ltr'>quippe</span> <span class='ocrx_word' id='word_1_176' title='bbox 429 1975 556 2038; x_wconf 86' lang='lat' dir='ltr'>efferari</span> <span class='ocrx_word' id='word_1_177' title='bbox 579 1974 692 2038; x_wconf 90' lang='lat' dir='ltr'>militia</span> <span class='ocrx_word' id='word_1_178' title='bbox 707 1975 843 2056; x_wconf 86' lang='lat' dir='ltr'>animos,</span> <span class='ocrx_word' id='word_1_179' title='bbox 869 1976 1083 2057; x_wconf 90' lang='lat' dir='ltr'>mitigandum</span> <span class='ocrx_word' id='word_1_180' title='bbox 1106 1975 1191 2038; x_wconf 90' lang='lat' dir='ltr'>fero-</span> 
     </span>
     <span class='ocr_line' id='line_1_23' title="bbox 60 2060 1192 2146; baseline -0.003 -20"><span class='ocrx_word' id='word_1_181' title='bbox 60 2083 134 2128; x_wconf 88' lang='lat' dir='ltr'>cem</span> <span class='ocrx_word' id='word_1_182' title='bbox 149 2060 307 2146; x_wconf 91' lang='lat' dir='ltr'>populum</span> <span class='ocrx_word' id='word_1_183' title='bbox 323 2084 489 2125; x_wconf 90' lang='lat' dir='ltr'>armorum</span> <span class='ocrx_word' id='word_1_184' title='bbox 506 2060 720 2125; x_wconf 88' lang='lat' dir='ltr'>desuetudine</span> <span class='ocrx_word' id='word_1_185' title='bbox 735 2071 835 2142; x_wconf 87' lang='lat' dir='ltr'>ratus,</span> <span class='ocrx_word' id='word_1_186' title='bbox 856 2061 1030 2124; x_wconf 77' lang='lat' dir='ltr'>Ianumlad</span> <span class='ocrx_word' id='word_1_187' title='bbox 1046 2060 1192 2123; x_wconf 90' lang='lat' dir='ltr'>infimum</span> 
     </span>
     <span class='ocr_line' id='line_1_24' title="bbox 59 2145 1191 2231; baseline -0.004 -18"><span class='ocrx_word' id='word_1_188' title='bbox 59 2145 245 2231; x_wconf 83' lang='lat' dir='ltr'>Argiletum</span> <span class='ocrx_word' id='word_1_189' title='bbox 268 2147 408 2211; x_wconf 88' lang='lat' dir='ltr'>indicem</span> <span class='ocrx_word' id='word_1_190' title='bbox 431 2148 523 2231; x_wconf 89' lang='lat' dir='ltr'>pacis</span> <span class='ocrx_word' id='word_1_191' title='bbox 545 2145 689 2231; x_wconf 91' lang='lat' dir='ltr'>bellique</span> <span class='ocrx_word' id='word_1_192' title='bbox 711 2145 797 2228; x_wconf 80' lang='lat' dir='ltr'>fecit,</span> <span class='ocrx_word' id='word_1_193' title='bbox 822 2156 956 2231; x_wconf 90' lang='lat' dir='ltr'>apertus</span> <span class='ocrx_word' id='word_1_194' title='bbox 979 2148 1070 2210; x_wconf 91' lang='lat' dir='ltr'>utin</span> <span class='ocrx_word' id='word_1_195' title='bbox 1093 2148 1191 2210; x_wconf 86' lang='lat' dir='ltr'>armis</span> 
     </span>
     <span class='ocr_line' id='line_1_25' title="bbox 62 2231 1191 2319; baseline -0.004 -21"><span class='ocrx_word' id='word_1_196' title='bbox 62 2256 138 2298; x_wconf 91' lang='lat' dir='ltr'>esse</span> <span class='ocrx_word' id='word_1_197' title='bbox 162 2233 340 2312; x_wconf 88' lang='lat' dir='ltr'>civitatem,</span> <span class='ocrx_word' id='word_1_198' title='bbox 365 2231 493 2297; x_wconf 84' lang='lat' dir='ltr'>clausus</span> <span class='ocrx_word' id='word_1_199' title='bbox 516 2241 648 2315; x_wconf 89' lang='lat' dir='ltr'>pacatos</span> <span class='ocrx_word' id='word_1_200' title='bbox 677 2234 765 2295; x_wconf 89' lang='lat' dir='ltr'>circa</span> <span class='ocrx_word' id='word_1_201' title='bbox 787 2253 900 2296; x_wconf 86' lang='lat' dir='ltr'>omnes</span> <span class='ocrx_word' id='word_1_202' title='bbox 923 2232 1062 2319; x_wconf 90' lang='lat' dir='ltr'>populos</span> <span class='ocrx_word' id='word_1_203' title='bbox 1095 2234 1191 2316; x_wconf 91' lang='lat' dir='ltr'>signi·</span> 
     </span>
     <span class='ocr_line' id='line_1_26' title="bbox 59 2317 1225 2404; baseline -0.003 -19"><span class='ocrx_word' id='word_1_204' title='bbox 59 2320 184 2385; x_wconf 89' lang='lat' dir='ltr'>ficaret.</span> <span class='ocrx_word' id='word_1_205' title='bbox 208 2318 259 2382; x_wconf 91' lang='lat' dir='ltr'>bis</span> <span class='ocrx_word' id='word_1_206' title='bbox 283 2319 402 2384; x_wconf 89' lang='lat' dir='ltr'>deinde</span> <span class='ocrx_word' id='word_1_207' title='bbox 425 2328 502 2404; x_wconf 90' lang='lat' dir='ltr'>post</span> <span class='ocrx_word' id='word_1_208' title='bbox 523 2319 649 2382; x_wconf 90' lang='lat' dir='ltr'>Numae</span> <span class='ocrx_word' id='word_1_209' title='bbox 672 2341 809 2402; x_wconf 89' lang='lat' dir='ltr'>regnum</span> <span class='ocrx_word' id='word_1_210' title='bbox 834 2317 961 2382; x_wconf 88' lang='lat' dir='ltr'>clausus</span> <span class='ocrx_word' id='word_1_211' title='bbox 988 2319 1058 2402; x_wconf 86' lang='lat' dir='ltr'>fuit,</span> <span class='ocrx_word' id='word_1_212' title='bbox 1091 2318 1225 2382; x_wconf 80' lang='lat' dir='ltr'>semela</span> 
     </span>
     <span class='ocr_line' id='line_1_27' title="bbox 57 2403 1191 2491; baseline -0.003 -21"><span class='ocrx_word' id='word_1_213' title='bbox 57 2406 97 2470; x_wconf 89' lang='grc' dir='ltr'>Τ.</span> <span class='ocrx_word' id='word_1_214' title='bbox 121 2404 245 2468; x_wconf 90' lang='lat' dir='ltr'>Manlio</span> <span class='ocrx_word' id='word_1_215' title='bbox 270 2404 404 2469; x_wconf 89' lang='lat' dir='ltr'>consule</span> <span class='ocrx_word' id='word_1_216' title='bbox 427 2415 502 2491; x_wconf 92' lang='lat' dir='ltr'>post</span> <span class='ocrx_word' id='word_1_217' title='bbox 516 2404 674 2468; x_wconf 90' lang='lat' dir='ltr'>Punicum</span> <span class='ocrx_word' id='word_1_218' title='bbox 698 2404 837 2489; x_wconf 90' lang='lat' dir='ltr'>primum</span> <span class='ocrx_word' id='word_1_219' title='bbox 856 2404 1036 2490; x_wconf 86' lang='lat' dir='ltr'>perfeetum</span> <span class='ocrx_word' id='word_1_220' title='bbox 1058 2403 1191 2486; x_wconf 75' lang='lat' dir='ltr'>bellum,</span> 
     </span>
     <span class='ocr_line' id='line_1_28' title="bbox 59 2490 1192 2576; baseline -0.002 -21"><span class='ocrx_word' id='word_1_221' title='bbox 59 2494 190 2573; x_wconf 81' lang='lat' dir='ltr'>iterum,</span> <span class='ocrx_word' id='word_1_222' title='bbox 215 2492 302 2576; x_wconf 91' lang='lat' dir='ltr'>quod</span> <span class='ocrx_word' id='word_1_223' title='bbox 325 2502 456 2555; x_wconf 87' lang='lat' dir='ltr'>nostrae</span> <span class='ocrx_word' id='word_1_224' title='bbox 480 2492 577 2555; x_wconf 89' lang='lat' dir='ltr'>aetati</span> <span class='ocrx_word' id='word_1_225' title='bbox 602 2491 647 2553; x_wconf 93' lang='lat' dir='ltr'>dii</span> <span class='ocrx_word' id='word_1_226' title='bbox 662 2490 823 2553; x_wconf 86' lang='lat' dir='ltr'>dederunt</span> <span class='ocrx_word' id='word_1_227' title='bbox 846 2501 881 2553; x_wconf 90' lang='lat' dir='ltr'>ut</span> <span class='ocrx_word' id='word_1_228' title='bbox 896 2490 1091 2571; x_wconf 84' lang='lat' dir='ltr'>videremus,</span> <span class='ocrx_word' id='word_1_229' title='bbox 1115 2500 1192 2575; x_wconf 85' lang='lat' dir='ltr'>post</span> 
     </span>
     <span class='ocr_line' id='line_1_29' title="bbox 10 2575 1192 2662; baseline -0.004 -19"><span class='ocrx_word' id='word_1_230' title='bbox 10 2618 12 2633; x_wconf 70' lang='grc' dir='ltr'>ι</span> <span class='ocrx_word' id='word_1_231' title='bbox 58 2577 183 2642; x_wconf 91' lang='lat' dir='ltr'>bellum</span> <span class='ocrx_word' id='word_1_232' title='bbox 205 2577 376 2641; x_wconf 87' lang='lat' dir='ltr'>Actiacum</span> <span class='ocrx_word' id='word_1_233' title='bbox 400 2576 441 2641; x_wconf 89' lang='lat' dir='ltr'>ab</span> <span class='ocrx_word' id='word_1_234' title='bbox 464 2579 661 2662; x_wconf 87' lang='lat' dir='ltr'>imperatore</span> <span class='ocrx_word' id='word_1_235' title='bbox 677 2575 818 2640; x_wconf 79' lang='lat' dir='ltr'>Caesare</span> <span class='ocrx_word' id='word_1_236' title='bbox 834 2575 983 2659; x_wconf 88' lang='lat' dir='ltr'>Augusto</span> <span class='ocrx_word' id='word_1_237' title='bbox 1000 2598 1082 2661; x_wconf 88' lang='lat' dir='ltr'>pace</span> <span class='ocrx_word' id='word_1_238' title='bbox 1103 2587 1192 2640; x_wconf 87' lang='lat' dir='ltr'>terra</span> 
     </span>
     <span class='ocr_line' id='line_1_30' title="bbox 61 2662 1225 2748; baseline 0 -22"><span class='ocrx_word' id='word_1_239' title='bbox 61 2665 209 2748; x_wconf 90' lang='lat' dir='ltr'>marique</span> <span class='ocrx_word' id='word_1_240' title='bbox 231 2675 334 2748; x_wconf 85' lang='lat' dir='ltr'>parta.</span> <span class='ocrx_word' id='word_1_241' title='bbox 368 2662 478 2728; x_wconf 90' lang='lat' dir='ltr'>clauso</span> <span class='ocrx_word' id='word_1_242' title='bbox 510 2685 549 2728; x_wconf 88' lang='lat' dir='ltr'>eo</span> <span class='ocrx_word' id='word_1_243' title='bbox 582 2685 655 2726; x_wconf 88' lang='lat' dir='ltr'>eum</span> <span class='ocrx_word' id='word_1_244' title='bbox 687 2663 829 2726; x_wconf 90' lang='lat' dir='ltr'>omnium</span> <span class='ocrx_word' id='word_1_245' title='bbox 862 2663 950 2726; x_wconf 90' lang='lat' dir='ltr'>circa</span> <span class='ocrx_word' id='word_1_246' title='bbox 980 2662 1225 2726; x_wconf 66' lang='lat' dir='ltr'>finitimoruma</span> 
     </span>
     <span class='ocr_line' id='line_1_31' title="bbox 59 2749 1190 2832; baseline -0.004 -18"><span class='ocrx_word' id='word_1_247' title='bbox 59 2751 216 2814; x_wconf 88' lang='lat' dir='ltr'>societate</span> <span class='ocrx_word' id='word_1_248' title='bbox 240 2772 278 2813; x_wconf 90' lang='lat' dir='ltr'>ao</span> <span class='ocrx_word' id='word_1_249' title='bbox 299 2749 489 2814; x_wconf 88' lang='lat' dir='ltr'>foederibus</span> <span class='ocrx_word' id='word_1_250' title='bbox 509 2750 668 2813; x_wconf 85' lang='lat' dir='ltr'>iunxisset</span> <span class='ocrx_word' id='word_1_251' title='bbox 692 2749 826 2830; x_wconf 85' lang='lat' dir='ltr'>animos,</span> <span class='ocrx_word' id='word_1_252' title='bbox 849 2750 964 2832; x_wconf 90' lang='lat' dir='ltr'>positis</span> <span class='ocrx_word' id='word_1_253' title='bbox 981 2757 1190 2813; x_wconf 84' lang='lat' dir='ltr'>externorum</span> 
     </span>
    </p>

    <p class='ocr_par' dir='ltr' id='par_1_4' title="bbox 56 2834 1223 3522">
     <span class='ocr_line' id='line_1_32' title="bbox 83 2834 1191 2920; baseline -0.003 -20"><span class='ocrx_word' id='word_1_254' title='bbox 83 2834 280 2900; x_wconf 90' lang='lat' dir='ltr'>ericulorum</span> <span class='ocrx_word' id='word_1_255' title='bbox 318 2835 404 2899; x_wconf 90' lang='lat' dir='ltr'>curis</span> <span class='ocrx_word' id='word_1_256' title='bbox 441 2858 483 2900; x_wconf 91' lang='lat' dir='ltr'>ne</span> <span class='ocrx_word' id='word_1_257' title='bbox 506 2834 709 2899; x_wconf 86' lang='lat' dir='ltr'>luxuriarent</span> <span class='ocrx_word' id='word_1_258' title='bbox 736 2837 801 2898; x_wconf 89' lang='lat' dir='ltr'>otio</span> <span class='ocrx_word' id='word_1_259' title='bbox 827 2835 934 2913; x_wconf 86' lang='lat' dir='ltr'>animi,</span> <span class='ocrx_word' id='word_1_260' title='bbox 973 2857 1055 2920; x_wconf 90' lang='lat' dir='ltr'>quos</span> <span class='ocrx_word' id='word_1_261' title='bbox 1086 2844 1191 2899; x_wconf 91' lang='lat' dir='ltr'>metus</span> 
     </span>
     <span class='ocr_line' id='line_1_33' title="bbox 59 2859 1189 3007; baseline -0.002 -23"><span class='ocrx_word' id='word_1_262' title='bbox 59 2859 201 2986; x_wconf 71' lang='lat' dir='ltr'>lostium</span> <span class='ocrx_word' id='word_1_263' title='bbox 225 2919 461 3007; x_wconf 87' lang='lat' dir='ltr'>disciplinaque</span> <span class='ocrx_word' id='word_1_264' title='bbox 476 2920 624 2986; x_wconf 89' lang='lat' dir='ltr'>militaris</span> <span class='ocrx_word' id='word_1_265' title='bbox 644 2922 857 3001; x_wconf 87' lang='lat' dir='ltr'>continuerat,</span> <span class='ocrx_word' id='word_1_266' title='bbox 881 2922 1024 2984; x_wconf 94' lang='lat' dir='ltr'>omnium</span> <span class='ocrx_word' id='word_1_267' title='bbox 1039 2927 1189 3006; x_wconf 88' lang='lat' dir='ltr'>primum,</span> 
     </span>
     <span class='ocr_line' id='line_1_34' title="bbox 57 3005 1189 3094; baseline -0.003 -23"><span class='ocrx_word' id='word_1_268' title='bbox 57 3031 126 3072; x_wconf 89' lang='lat' dir='ltr'>rem</span> <span class='ocrx_word' id='word_1_269' title='bbox 152 3007 193 3069; x_wconf 91' lang='lat' dir='ltr'>ad</span> <span class='ocrx_word' id='word_1_270' title='bbox 216 3007 458 3072; x_wconf 90' lang='lat' dir='ltr'>multitudinem</span> <span class='ocrx_word' id='word_1_271' title='bbox 481 3010 653 3094; x_wconf 89' lang='lat' dir='ltr'>inperitam</span> <span class='ocrx_word' id='word_1_272' title='bbox 678 3015 711 3071; x_wconf 92' lang='lat' dir='ltr'>et</span> <span class='ocrx_word' id='word_1_273' title='bbox 732 3005 796 3070; x_wconf 90' lang='lat' dir='ltr'>illis</span> <span class='ocrx_word' id='word_1_274' title='bbox 820 3006 959 3070; x_wconf 88' lang='lat' dir='ltr'>saeculis</span> <span class='ocrx_word' id='word_1_275' title='bbox 982 3007 1098 3070; x_wconf 90' lang='lat' dir='ltr'>rudem</span> <span class='ocrx_word' id='word_1_276' title='bbox 1122 3006 1189 3069; x_wconf 88' lang='lat' dir='ltr'>effi-</span> 
     </span>
     <span class='ocr_line' id='line_1_35' title="bbox 59 3093 1223 3178; baseline -0.001 -21"><span class='ocrx_word' id='word_1_277' title='bbox 59 3093 271 3175; x_wconf 87' lang='lat' dir='ltr'>cacissimam,</span> <span class='ocrx_word' id='word_1_278' title='bbox 296 3094 433 3158; x_wconf 90' lang='lat' dir='ltr'>deorum</span> <span class='ocrx_word' id='word_1_279' title='bbox 455 3103 578 3157; x_wconf 86' lang='lat' dir='ltr'>metum</span> <span class='ocrx_word' id='word_1_280' title='bbox 603 3093 797 3157; x_wconf 88' lang='lat' dir='ltr'>iniciendum</span> <span class='ocrx_word' id='word_1_281' title='bbox 819 3102 916 3156; x_wconf 86' lang='lat' dir='ltr'>ratus·</span> <span class='ocrx_word' id='word_1_282' title='bbox 943 3103 1000 3156; x_wconf 87' lang='lat' dir='ltr'>est.</span> <span class='ocrx_word' id='word_1_283' title='bbox 1034 3094 1090 3178; x_wconf 94' lang='lat' dir='ltr'>qui</span> <span class='ocrx_word' id='word_1_284' title='bbox 1113 3109 1223 3156; x_wconf 79' lang='lat' dir='ltr'>cums</span> 
     </span>
     <span class='ocr_line' id='line_1_36' title="bbox 58 3177 1187 3263; baseline -0.001 -21"><span class='ocrx_word' id='word_1_285' title='bbox 58 3179 260 3245; x_wconf 86' lang='lat' dir='ltr'>descendere</span> <span class='ocrx_word' id='word_1_286' title='bbox 292 3181 334 3243; x_wconf 87' lang='lat' dir='ltr'>ad</span> <span class='ocrx_word' id='word_1_287' title='bbox 358 3183 482 3244; x_wconf 91' lang='lat' dir='ltr'>animos</span> <span class='ocrx_word' id='word_1_288' title='bbox 514 3181 584 3243; x_wconf 88' lang='lat' dir='ltr'>sine</span> <span class='ocrx_word' id='word_1_289' title='bbox 607 3178 716 3263; x_wconf 89' lang='lat' dir='ltr'>aliquo</span> <span class='ocrx_word' id='word_1_290' title='bbox 741 3186 922 3243; x_wconf 88' lang='lat' dir='ltr'>commento</span> <span class='ocrx_word' id='word_1_291' title='bbox 945 3177 1090 3241; x_wconf 88' lang='lat' dir='ltr'>miraculi</span> <span class='ocrx_word' id='word_1_292' title='bbox 1123 3200 1187 3241; x_wconf 93' lang='lat' dir='ltr'>non</span> 
     </span>
     <span class='ocr_line' id='line_1_37' title="bbox 57 3254 1186 3351; baseline -0.004 -20"><span class='ocrx_word' id='word_1_293' title='bbox 57 3275 179 3351; x_wconf 88' lang='lat' dir='ltr'>posset,</span> <span class='ocrx_word' id='word_1_294' title='bbox 211 3254 342 3329; x_wconf 80' lang='lat' dir='ltr'>s&#39;imulat</span> <span class='ocrx_word' id='word_1_295' title='bbox 365 3266 426 3330; x_wconf 92' lang='lat' dir='ltr'>sibi</span> <span class='ocrx_word' id='word_1_296' title='bbox 449 3289 523 3330; x_wconf 89' lang='lat' dir='ltr'>cum</span> <span class='ocrx_word' id='word_1_297' title='bbox 549 3266 610 3329; x_wconf 88' lang='lat' dir='ltr'>dea</span> <span class='ocrx_word' id='word_1_298' title='bbox 631 3264 753 3349; x_wconf 88' lang='lat' dir='ltr'>Egeria</span> <span class='ocrx_word' id='word_1_299' title='bbox 785 3285 980 3348; x_wconf 89' lang='lat' dir='ltr'>congressus</span> <span class='ocrx_word' id='word_1_300' title='bbox 1011 3275 1186 3329; x_wconf 87' lang='lat' dir='ltr'>nocturnos</span> 
     </span>
     <span class='ocr_line' id='line_1_38' title="bbox 57 3350 1186 3437; baseline -0.002 -21"><span class='ocrx_word' id='word_1_301' title='bbox 57 3373 142 3434; x_wconf 88' lang='lat' dir='ltr'>esse;</span> <span class='ocrx_word' id='word_1_302' title='bbox 167 3353 236 3416; x_wconf 91' lang='lat' dir='ltr'>eius</span> <span class='ocrx_word' id='word_1_303' title='bbox 260 3375 295 3415; x_wconf 90' lang='lat' dir='ltr'>se</span> <span class='ocrx_word' id='word_1_304' title='bbox 318 3354 452 3434; x_wconf 89' lang='lat' dir='ltr'>monitu,</span> <span class='ocrx_word' id='word_1_305' title='bbox 482 3374 567 3437; x_wconf 88' lang='lat' dir='ltr'>quae</span> <span class='ocrx_word' id='word_1_306' title='bbox 589 3351 815 3436; x_wconf 84' lang='lat' dir='ltr'>acceptissima</span> <span class='ocrx_word' id='word_1_307' title='bbox 849 3350 910 3413; x_wconf 88' lang='lat' dir='ltr'>diis</span> <span class='ocrx_word' id='word_1_308' title='bbox 943 3359 1060 3431; x_wconf 87' lang='lat' dir='ltr'>essent,</span> <span class='ocrx_word' id='word_1_309' title='bbox 1093 3372 1186 3414; x_wconf 86' lang='lat' dir='ltr'>sacra</span> 
     </span>
     <span class='ocr_line' id='line_1_39' title="bbox 56 3436 1059 3522; baseline -0.003 -23"><span class='ocrx_word' id='word_1_310' title='bbox 56 3438 235 3519; x_wconf 87' lang='lat' dir='ltr'>instituere,</span> <span class='ocrx_word' id='word_1_311' title='bbox 259 3439 446 3502; x_wconf 87' lang='lat' dir='ltr'>sacerdotes</span> <span class='ocrx_word' id='word_1_312' title='bbox 470 3459 545 3502; x_wconf 89' lang='lat' dir='ltr'>suos</span> <span class='ocrx_word' id='word_1_313' title='bbox 569 3436 687 3522; x_wconf 89' lang='lat' dir='ltr'>cuique</span> <span class='ocrx_word' id='word_1_314' title='bbox 711 3437 846 3501; x_wconf 90' lang='lat' dir='ltr'>deorum</span> <span class='ocrx_word' id='word_1_315' title='bbox 869 3437 1059 3522; x_wconf 88' lang='lat' dir='ltr'>praeficere.</span> 
     </span>
    </p>

    <p class='ocr_par' dir='ltr' id='par_1_5' title="bbox 53 3520 1219 3866">
     <span class='ocr_line' id='line_1_40' title="bbox 157 3520 1219 3609; baseline 0 -22"><span class='ocrx_word' id='word_1_316' title='bbox 157 3524 267 3609; x_wconf 88' lang='lat' dir='ltr'>Atque</span> <span class='ocrx_word' id='word_1_317' title='bbox 291 3526 432 3588; x_wconf 93' lang='lat' dir='ltr'>omnium</span> <span class='ocrx_word' id='word_1_318' title='bbox 455 3525 598 3609; x_wconf 91' lang='lat' dir='ltr'>primum</span> <span class='ocrx_word' id='word_1_319' title='bbox 621 3523 663 3586; x_wconf 89' lang='lat' dir='ltr'>ad</span> <span class='ocrx_word' id='word_1_320' title='bbox 686 3545 801 3586; x_wconf 89' lang='lat' dir='ltr'>cursus</span> <span class='ocrx_word' id='word_1_321' title='bbox 824 3520 919 3586; x_wconf 90' lang='lat' dir='ltr'>lunae</span> <span class='ocrx_word' id='word_1_322' title='bbox 947 3525 979 3585; x_wconf 93' lang='lat' dir='ltr'>in</span> <span class='ocrx_word' id='word_1_323' title='bbox 1009 3521 1184 3586; x_wconf 89' lang='lat' dir='ltr'>duodecim</span> <span class='ocrx_word' id='word_1_324' title='bbox 1204 3540 1219 3587; x_wconf 83' lang='lat'>6</span> 
     </span>
     <span class='ocr_line' id='line_1_41' title="bbox 54 3606 1184 3696; baseline -0.002 -22"><span class='ocrx_word' id='word_1_325' title='bbox 54 3632 181 3676; x_wconf 89' lang='lat' dir='ltr'>menses</span> <span class='ocrx_word' id='word_1_326' title='bbox 206 3610 354 3675; x_wconf 87' lang='lat' dir='ltr'>discribit</span> <span class='ocrx_word' id='word_1_327' title='bbox 375 3630 509 3692; x_wconf 83' lang='lat' dir='ltr'>annum3</span> <span class='ocrx_word' id='word_1_328' title='bbox 542 3632 650 3696; x_wconf 85' lang='lat' dir='ltr'>quem,</span> <span class='ocrx_word' id='word_1_329' title='bbox 684 3609 758 3695; x_wconf 87' lang='lat' dir='ltr'>quia</span> <span class='ocrx_word' id='word_1_330' title='bbox 790 3609 931 3673; x_wconf 88' lang='lat' dir='ltr'>tricenos</span> <span class='ocrx_word' id='word_1_331' title='bbox 956 3609 1025 3672; x_wconf 90' lang='lat' dir='ltr'>dies</span> <span class='ocrx_word' id='word_1_332' title='bbox 1049 3606 1184 3691; x_wconf 91' lang='lat' dir='ltr'>singulis</span> 
     </span>
     <span class='ocr_line' id='line_1_42' title="bbox 54 3693 1183 3781; baseline -0.004 -20"><span class='ocrx_word' id='word_1_333' title='bbox 54 3696 219 3762; x_wconf 87' lang='lat' dir='ltr'>mensibus</span> <span class='ocrx_word' id='word_1_334' title='bbox 242 3694 320 3760; x_wconf 90' lang='lat' dir='ltr'>luna</span> <span class='ocrx_word' id='word_1_335' title='bbox 341 3718 406 3760; x_wconf 91' lang='lat' dir='ltr'>non</span> <span class='ocrx_word' id='word_1_336' title='bbox 430 3694 550 3781; x_wconf 86' lang='lat' dir='ltr'>explet,</span> <span class='ocrx_word' id='word_1_337' title='bbox 576 3695 761 3781; x_wconf 89' lang='lat' dir='ltr'>desuntque</span> <span class='ocrx_word' id='word_1_338' title='bbox 786 3695 855 3758; x_wconf 91' lang='lat' dir='ltr'>dies</span> <span class='ocrx_word' id='word_1_339' title='bbox 878 3693 983 3758; x_wconf 93' lang='lat' dir='ltr'>solido</span> <span class='ocrx_word' id='word_1_340' title='bbox 1007 3716 1101 3771; x_wconf 91' lang='lat' dir='ltr'>anno,</span> <span class='ocrx_word' id='word_1_341' title='bbox 1127 3694 1183 3779; x_wconf 90' lang='lat' dir='ltr'>qui</span> 
     </span>
     <span class='ocr_line' id='line_1_43' title="bbox 53 3779 1197 3866; baseline -0.011 -18"><span class='ocrx_word' id='word_1_342' title='bbox 53 3782 213 3848; x_wconf 85' lang='lat' dir='ltr'>solstitiali</span> <span class='ocrx_word' id='word_1_343' title='bbox 247 3783 478 3866; x_wconf 86' lang='lat' dir='ltr'>circumagitur</span> <span class='ocrx_word' id='word_1_344' title='bbox 509 3781 599 3864; x_wconf 86' lang='lat' dir='ltr'>orbe,</span> <span class='ocrx_word' id='word_1_345' title='bbox 631 3779 850 3847; x_wconf 86' lang='lat' dir='ltr'>intercalariis</span> <span class='ocrx_word' id='word_1_346' title='bbox 879 3780 1058 3844; x_wconf 69' lang='lat' dir='ltr'>mersimus</span> <span class='ocrx_word' id='word_1_347' title='bbox 1086 3780 1197 3839; x_wconf 54' lang='lat' dir='ltr'>inter-</span> 
     </span>
    </p>
   </div>
   <div class='ocr_carea' id='block_1_3' title="bbox 51 3865 1230 4003">
    <p class='ocr_par' dir='ltr' id='par_1_6' title="bbox 51 3865 1230 4003">
     <span class='ocr_line' id='line_1_44' title="bbox 51 3865 1230 3999; baseline -0.019 -64"><span class='ocrx_word' id='word_1_348' title='bbox 51 3869 209 3954; x_wconf 79' lang='lat' dir='ltr'>ponendis</span> <span class='ocrx_word' id='word_1_349' title='bbox 244 3869 290 3934; x_wconf 86' lang='lat' dir='ltr'>ita</span> <span class='ocrx_word' id='word_1_350' title='bbox 327 3869 565 3958; x_wconf 67' lang='lat' dir='ltr'>dispensavit‚“&#39;</span> <span class='ocrx_word' id='word_1_351' title='bbox 587 3879 630 3940; x_wconf 85' lang='lat' dir='ltr'>ut</span> <span class='ocrx_word' id='word_1_352' title='bbox 665 3871 832 3941; x_wconf 77' lang='lat' dir='ltr'>uicesimo</span> <span class='ocrx_word' id='word_1_353' title='bbox 871 3889 963 3932; x_wconf 79' lang='lat' dir='ltr'>enno</span> <span class='ocrx_word' id='word_1_354' title='bbox 1002 3865 1055 3929; x_wconf 71' lang='lat' dir='ltr'>ab</span> <span class='ocrx_word' id='word_1_355' title='bbox 1090 3867 1230 3999; x_wconf 38' lang='lat' dir='ltr'>m?</span> 
     </span>
     <span class='ocr_line' id='line_1_45' title="bbox 82 3968 186 4003; baseline -0.019 0"><span class='ocrx_word' id='word_1_356' title='bbox 82 3968 186 4003; x_wconf 67' lang='lat' dir='ltr'>aunt.</span> 
     </span>
    </p>
   </div>
   <div class='ocr_carea' id='block_1_4' title="bbox 0 0 1374 4146">
    <p class='ocr_par' dir='ltr' id='par_1_7' title="bbox 0 0 1374 4146">
     <span class='ocr_line' id='line_1_46' title="bbox 0 0 1374 4146; baseline 0 2"><span class='ocrx_word' id='word_1_357' title='bbox 0 0 1374 4146; x_wconf 95' lang='lat' dir='ltr'> </span> 
     </span>
    </p>
   </div>
  </div>
 </body>
</html>
