2738 4146
95 153 137 210 84
377 167 487 216 cinna
505 167 539 216 11.
559 165 634 217 cnr.
654 167 694 215 ar.
714 166 755 217 aa
774 162 810 232 [a
829 164 861 215 u.
880 179 902 213 ο.
921 161 991 231 rcaJ.

148 337 239 403 domi
272 339 488 425 compositum
521 360 594 401 cum
618 336 742 400 Marcio
769 335 885 416 fuerat,
918 334 959 397 ad
996 332 1145 398 consules
1172 333 1286 412 venit;

114 431 128 477 ³
148 423 227 488 dicit
250 447 331 505 esse,
358 447 441 511 quae
464 434 591 488 secreto
615 445 712 505 agere
743 423 784 486 de
812 444 848 485 re
875 419 1008 507 publica
1029 419 1117 485 velit.
1147 417 1287 484 arbitris

149 510 282 576 remotis
307 510 465 592 ,invitus“
490 511 603 594 inquit,
630 509 736 594 ,quod
753 509 884 594 sequius
908 509 957 588 sit,
982 509 1023 571 de
1046 529 1125 570 mers
1152 505 1287 571 civibus

107 595 275 682 ⁴loquor.
298 619 363 661 non
390 606 499 661 tamen
527 597 703 659 admissum
732 596 906 680 quicquam
934 593 975 657 ab
1004 594 1043 657 iis
1072 592 1282 657 criminatum

107 685 255 759 5veni0,
284 683 342 747 sed
366 693 507 763 cautum,
534 704 575 746 ne
600 682 780 745 admittant.
807 681 907 745 nimio
936 679 1007 763 plus
1036 700 1133 764 quam
1156 677 1284 744 vellem

147 768 333 834 nostrorum
361 770 495 854 ingenia,
523 778 598 832 sunt
624 766 766 831 mobilia.
795 766 904 830 multis
938 768 972 829 id
1001 764 1147 829 cladibus
1176 766 1281 830 sensi·

148 878 231 927 mus,
259 857 383 942 quippe
412 855 468 940 qui
498 876 562 917 non
593 863 704 918 nostro
733 855 859 933 merito,
894 853 951 917 sed
978 862 1090 917 vestra
1120 852 1286 937 patientia

148 941 327 1005 incolumes
350 942 461 1005 simus.
486 963 603 1024 magna
618 941 670 1004 hic
692 962 778 1004 nunc
794 939 989 1004 Volscorum
1011 937 1186 1004 multitudo
1212 947 1279 1014 est;

107 1026 217 1090 eludi
240 1037 328 1109 sunt,
351 1026 539 1112 spectaculo
564 1028 686 1091 intenta
710 1027 823 1090 civitas
852 1027 922 1090 erit.
946 1026 1086 1105 memini,
1116 1023 1194 1110 quid
1219 1045 1284 1110 per

149 1113 287 1178 eandem
314 1114 516 1177 occasionem
545 1111 585 1176 ab
619 1113 812 1178 Sabinorum
843 1114 1013 1177 iuventute
1040 1113 1073 1174 in
1104 1109 1167 1175 hac
1193 1110 1281 1176 urbe

149 1201 356 1264 commissum
373 1201 429 1280 sit3
453 1199 565 1263 horret
579 1201 716 1280 animae,
740 1222 781 1263 ne
798 1199 876 1283 quid
892 1197 1073 1262 inconsulte
1096 1217 1136 1260 ae
1151 1206 1283 1263 temere

147 1285 214 1349 fiat.
238 1286 321 1350 haec
343 1295 455 1349 nostra
477 1296 653 1370 vestraque
676 1308 774 1350 causa
795 1287 885 1370 prius
909 1285 1049 1348 dicenda
1072 1283 1177 1364 vobis,
1201 1304 1282 1347 con·

108 1381 124 1431 ἵ
149 1371 247 1454 sules,
270 1381 360 1435 ratus
376 1394 457 1435 sum.
482 1372 569 1457 quod
586 1373 628 1434 ad
644 1394 696 1435 me
711 1373 836 1453 attinet,
861 1368 1028 1455 externplo
1043 1370 1120 1433 hinc
1143 1368 1281 1433 domum

149 1456 240 1521 abire
263 1459 295 1520 in
311 1461 418 1523 animo
436 1467 495 1539 est,
518 1480 559 1521 ne
576 1460 666 1522 cuius
682 1459 758 1522 facti
774 1458 892 1521 dictive
909 1457 1102 1540 contagione
1117 1477 1280 1542 praesens

147 1543 281 1608 violer.“
319 1544 399 1607 haec
430 1543 555 1607 locutus
584 1545 672 1607 abiit.
707 1543 854 1609 consules
883 1565 955 1606 cum
989 1545 1031 1606 ad
1063 1551 1175 1627 patres
1206 1564 1279 1607 rem

108 1641 125 1692 8
149 1630 282 1694 dubiam
309 1631 369 1694 sub
397 1641 531 1694 auctore
558 1641 647 1694 certo
672 1631 872 1710 detulissent,
894 1640 1009 1694 auctor
1028 1631 1142 1713 magis,
1169 1636 1209 1692 ut
1230 1627 1280 1712 fit,

149 1737 247 1801 quam
263 1738 316 1780 res
339 1716 384 1792 ad
397 1717 660 1801 praecavendum
690 1715 744 1779 vel
771 1714 814 1780 ex
841 1737 1043 1800 supervacuo
1072 1714 1189 1796 movit,
1212 1713 1282 1780 fac·

147 1812 248 1888 toque
274 1811 405 1866 senatus
433 1799 590 1882 consulto,
624 1811 660 1864 ut
690 1801 776 1865 urbe
806 1803 1004 1866 excederent
1027 1800 1147 1882 Volsci,
1183 1823 1282 1887 prae·

148 1909 246 1952 cenes
279 1888 492 1966 dimittuntur,
526 1889 582 1972 qui
618 1909 730 1952 omnes
763 1910 819 1952 eos
850 1887 1012 1971 proficisci
1043 1897 1119 1952 ante
1145 1898 1280 1952 noctem

107 1973 309 2038 elaberent.
332 1974 445 2056 ingens
471 1995 574 2059 pavor
596 1974 701 2059 primo
726 1973 943 2038 discurrentes
971 1974 1012 2037 ad
1037 1995 1110 2037 suas
1138 1994 1192 2036 res
1215 1971 1280 2038 tol·

147 2057 262 2123 lendas
285 2061 318 2122 in
341 2059 483 2144 hospitia
503 2060 656 2143 perculit3
680 2059 962 2143 proficiscentibus
987 2059 1106 2123 deinde
1129 2058 1281 2142 indigna·

146 2146 191 2210 tio
221 2146 346 2225 oborta,
379 2167 414 2208 se
443 2154 479 2208 ut
506 2144 745 2209 consceleratos
779 2148 1077 2229 contaminatosque
1104 2143 1145 2207 ab
1179 2143 1278 2225 ludis,

146 2230 237 2295 &stis
272 2230 397 2305 diebus,
436 2241 530 2295 coetu
563 2233 704 2316 quodam
737 2233 836 2297 modo
873 2232 1041 2296 hominum
1072 2230 1281 2316 deorumque

146 2316 282 2381 abactos
307 2339 388 2381 esse.

105 2423 120 2470 1
249 2401 443 2466 XXXVIII.
467 2402 548 2468 Cum
573 2425 678 2489 prope
702 2405 888 2468 continuato
913 2404 1040 2487 agmine
1063 2405 1156 2481 irent,
1181 2425 1279 2488 prae·

145 2510 276 2572 gressus
304 2488 428 2553 Tullius
457 2489 499 2551 ad
527 2500 626 2574 caput
655 2491 872 2568 Ferentinum,
906 2499 942 2552 ut
970 2491 1107 2575 quisque
1134 2490 1276 2573 veniret,

144 2577 303 2658 primores
328 2597 439 2639 eorum
464 2576 632 2659 excipiens
657 2577 824 2661 querendo
852 2577 1128 2660 indignandoque,
1157 2583 1190 2639 et
1219 2596 1280 2640 eos

144 2663 233 2745 ipsos
256 2661 370 2726 sedulo
394 2662 563 2724 audientes
587 2663 730 2725 secunda
753 2663 818 2724 irae
841 2662 944 2725 verba
967 2672 999 2726 et
1014 2685 1074 2746 per
1094 2683 1150 2726 eos
1166 2660 1276 2726 multi·

109 2768 125 2818 a
145 2748 291 2811 tudinem
302 2746 397 2810 aliam
409 2749 442 2810 in
453 2746 635 2810 subiectum
642 2749 1019 2831 viaecampumdeduxit.
1027 2747 1109 2811 ibiin
1117 2748 1280 2812 contionis

145 2833 279 2896 modum
303 2836 481 2897 orationem
504 2854 640 2896 exorsus
667 2834 825 2898 adversus
848 2845 975 2898 veteres
998 2832 1113 2918 populi
1135 2833 1280 2899 Romani

144 2919 277 2982 iniurias
302 2918 477 3004 cladesque
500 2919 604 3002 gentis
620 2918 814 2984 Volscorum
838 2931 894 2997 „ut
917 2922 1042 2984 omnia“
1067 2920 1172 3006 inquit
1196 2920 1274 3003 „ob-

145 3003 336 3070 liviscamini
363 3005 435 3087 alia,
464 3004 655 3068 hodiernam
684 3005 767 3069 hanc
791 3006 1018 3070 contumeliam
1047 3029 1111 3092 quo
1139 3006 1276 3073 tandem

144 3091 250 3155 animo
266 3091 366 3174 fertis,
389 3113 453 3177 qua
469 3113 528 3175 per
549 3101 692 3155 nostram
707 3093 913 3176 ignominiam
932 3092 1027 3155 ludos
1061 3090 1280 3157 commisere?

104 3206 118 3253 3
144 3199 185 3240 an
207 3200 270 3241 non
293 3178 437 3241 sensistis
460 3177 693 3261 triumphatum
717 3179 815 3243 hodie
839 3179 880 3241 de
895 3177 988 3243 vobis
1012 3177 1106 3242 esse?
1128 3200 1188 3243 vos
1205 3200 1274 3243 om·

144 3263 248 3345 nibus,
280 3263 414 3347 civibus,
452 3264 642 3349 peregrinis,
674 3273 723 3329 tot
753 3264 894 3328 finitimis
926 3264 1055 3350 populis
1086 3263 1279 3350 spectaculo

142 3349 299 3414 abeuntes
328 3350 437 3432 fuisse,
471 3359 598 3413 vestras
631 3352 791 3433 coniuges,
829 3360 956 3416 vestros
988 3350 1108 3415 liberos
1141 3349 1273 3416 traduc·

102 3467 118 3512 4
141 3444 191 3499 tos
216 3457 348 3519 perora
370 3435 556 3499 hominum?
577 3437 653 3520 quid
676 3459 742 3519 eos,
775 3439 830 3522 qui
857 3438 1012 3501 audivere
1034 3458 1151 3502 vocem
1180 3458 1275 3522 prae-

141 3522 241 3603 conis,
270 3521 357 3606 quid,
388 3523 443 3605 qui
471 3543 530 3584 nos
557 3523 670 3586 videre
702 3523 868 3606 abeuntes,
903 3524 979 3609 quid
1013 3544 1079 3607 eos,
1111 3523 1167 3608 qui
1198 3522 1279 3587 huic

140 3607 352 3690 ignominioso
393 3608 511 3688 agmini
546 3606 636 3671 fuere
669 3609 767 3693 obvii,
805 3610 1008 3673 existimasse
1044 3609 1175 3695 putatis,
1211 3609 1276 3675 nisi

141 3691 273 3778 aliquod
300 3692 445 3779 profecto
477 3692 568 3755 nefas
597 3716 678 3776 esse,
706 3718 780 3780 quo,
808 3696 836 3759 si
857 3695 1042 3760 intersimus
1070 3693 1273 3781 spectaculo,

140 3779 291 3842 violaturi
333 3780 432 3842 simus
459 3776 552 3841 ludos
584 3780 812 3867 piaculumque
848 3782 1006 3856 merituri3
1035 3780 1110 3845 ideo
1139 3800 1202 3847 noa
1229 3778 1278 3849 tl>

81 3892 103 3935 ὅ
122 3864 207 3924 sede
237 3866 384 3950 piorum,
422 3875 520 3930 coetu
550 3865 754 3954 concilioque
781 3865 888 3952 abigi?
918 3868 998 3952 quid
1023 3862 1164 3933 deinde?
1189 3864 1272 3937 illud
1321 3876 1325 3883 '
