2738 4146
88 102 150 162 226
368 118 479 169 nnana
489 119 538 172 In
558 117 633 170 cnr.
652 121 694 170 oa
712 124 754 170 aa.
774 116 807 184 [a
826 115 860 168 n.
878 132 902 167 a
919 115 990 184 aool.

103 304 118 355 1
241 287 315 353 LII.
355 288 421 354 Per
450 289 496 353 Μ.
530 287 700 372 Duillium,
738 290 795 376 qui
826 287 975 354 tribunus
1012 284 1122 373 plebis
1158 278 1272 363 fuerat,

141 373 264 439 certior
285 374 372 438 facta
394 374 489 461 plebs
513 376 773 441 contentionibus
797 374 942 439 adsiduis
967 371 1050 438 nihil
1072 373 1221 456 transigi,
1241 371 1278 456 in·

142 459 280 525 Sacrum
302 473 448 525 montem
470 483 513 525 ex
534 460 700 527 Aventino
721 462 838 526 transit
859 459 1054 523 adfirmante
1068 456 1196 522 Duillio
1212 477 1280 520 non<

105 545 241 631 aptius,
264 568 363 632 quam
386 547 495 611 deseri
516 548 631 612 urbem
653 548 798 630 videant,
821 568 933 611 curam
955 546 989 609 in
1002 546 1130 609 animos
1144 552 1271 630 patrum

141 631 388 715 descensuram3
433 634 674 698 admoniturum
712 633 848 698 Sacrum
890 640 1036 696 montem
1073 629 1272 696 constantiae

140 715 260 804 plebis,
292 720 441 801 scituros,
480 741 577 806 quam
611 721 681 785 sine
717 720 867 784 restituta
901 726 1063 802 potestate
1100 714 1272 780 tribunicia

106 813 122 858 8
140 803 247 887 redigi
268 807 302 868 in
325 804 534 870 concordiam
555 826 609 870 rea
630 816 803 892 nequeant.
826 806 881 869 via
898 801 1113 886 Nomentana,
1136 804 1192 866 oui
1205 809 1272 866 tun

98 908 103 922 ¹
141 888 308 954 ¹Ficulensi
328 912 449 956 nomen
469 890 540 968 fuit,
572 892 712 976 profecti
734 900 842 956 castra
871 891 903 953 in
930 899 1041 954 monte
1064 887 1166 954 Sacro
1189 886 1269 952 loca-

139 997 218 1041 vere
254 976 449 1041 modestiam
486 988 617 1063 patrum
654 998 786 1042 suorum
831 974 912 1039 nihil
952 973 1108 1061 violando
1144 973 1269 1038 imitati.

143 1070 256 1125 secuta
278 1064 458 1127 exercitum
481 1062 576 1147 plebs
596 1062 697 1146 nullo,
731 1064 787 1149 qui
819 1083 880 1147 per
909 1070 1051 1126 aetatem
1076 1061 1127 1124 ire
1149 1066 1268 1145 posset,

50 1193 57 1210 .
106 1156 348 1212 tretractante.
393 1158 636 1234 prosequuntur
668 1151 821 1233 coniuges
857 1146 1030 1234 liberique,
1067 1147 1201 1211 cuinam
1236 1165 1269 1209 se

142 1232 365 1319 relinquerent
385 1235 419 1297 in
442 1257 482 1298 ea
502 1234 594 1317 urbe,
617 1235 649 1300 in
672 1257 738 1321 qua
763 1256 826 1299 neo
857 1232 1016 1318 pudicitia
1044 1253 1108 1298 nec
1136 1230 1269 1297 libertas

140 1329 252 1383 sancta
275 1328 370 1401 esset,
395 1320 624 1386 miserabiliter
645 1323 836 1404 rogitantes.

104 1416 120 1465 δ
244 1402 328 1470 (lum
349 1415 443 1471 vasta
463 1407 587 1472 Romae
609 1408 716 1471 omnia
737 1409 866 1471 insueta
891 1403 1031 1470 solitudo
1061 1402 1207 1482 fecisset,
1237 1401 1268 1466 in

139 1489 212 1554 foro
234 1502 368 1575 praeter
388 1514 510 1577 paucos
533 1494 696 1558 seniorum
718 1514 813 1557 nemo
837 1500 933 1569 esset,
955 1490 1079 1556 vocatis
1100 1488 1267 1575 utiqueIn

140 1585 288 1641 senatum
310 1577 460 1662 patribus
484 1579 650 1643 desertum
678 1580 884 1667 apparuisset
911 1575 1029 1658 forum,
1060 1574 1172 1660 plures
1205 1575 1267 1638 ianr

103 1677 239 1748 equam
272 1662 428 1728 Horatius
454 1685 494 1728 ac
524 1664 676 1729 Valerius
706 1663 984 1729 vociferabantur:
1017 1660 1116 1748 „quid
1151 1680 1266 1747 expec

139 1746 260 1830 tabitis,
292 1759 403 1834 patres
434 1749 629 1837 conscripti?
671 1753 698 1814 si
734 1751 911 1815 decemviri
941 1747 1041 1812 finem
1072 1747 1267 1832 pertinaciae

138 1855 203 1898 non
225 1833 355 1917 faciunt,
379 1858 474 1901 ruere
495 1859 534 1900 ac
558 1834 740 1922 deflagrare
762 1836 871 1900 omnia
892 1835 1020 1920 passuri
1043 1832 1144 1898 estis?
1181 1831 1267 1919 quod

139 1930 248 1984 autern
270 1921 358 1985 istud
379 1922 553 2006 imperium
577 1933 637 1999 est,
661 1922 847 2004 decemviri,
864 1922 954 2005 quod
970 1919 1114 2004 amplexi
1129 1915 1267 1984 tenetis?

104 2023 118 2071 t
139 2007 234 2069 tectis
258 2028 297 2070 ao
319 2006 498 2091 pariethus
520 2010 593 2072 iura
615 2009 733 2074 diotsni
756 2007 857 2073 estis?
893 2028 958 2071 non
984 2006 1089 2091 pudet
1115 2002 1265 2069 lictorum

138 2101 324 2156 vestrorum
347 2093 504 2156 maiorem
526 2116 630 2182 prope
661 2117 833 2159 numerum
854 2094 887 2157 in
907 2092 978 2157 foro
1001 2092 1148 2176 conspici
1171 2112 1267 2178 quam

138 2187 323 2260 togatorum
355 2177 514 2243 aliorum?
559 2181 648 2267 quid,
686 2181 714 2245 si
743 2180 856 2244 hostes
892 2178 935 2242 ad
970 2178 1089 2242 urbem
1124 2178 1266 2260 veniant,

137 2262 256 2326 facturi
287 2263 387 2328 estis?
432 2265 522 2351 quid,
555 2269 580 2330 si
612 2266 707 2353 plebs
738 2288 825 2348 mox,
857 2264 915 2329 ubi
945 2285 1062 2349 parum
1083 2264 1265 2329 secessione

104 2363 337 2432 emereamur,
361 2362 486 2414 armata
507 2351 639 2417 veniat?
675 2374 833 2418 occasune
859 2351 950 2415 urbis
971 2348 1071 2415 vultis
1093 2347 1189 2413 linire
1210 2351 1265 2413 im·

138 2433 288 2522 perium?
331 2438 423 2522 atqui
456 2447 513 2502 aut
543 2437 637 2526 plebs
670 2461 736 2503 non
768 2447 818 2502 est
849 2435 1011 2518 habenda,
1046 2445 1102 2500 aut
1124 2433 1266 2500 habendi

138 2531 214 2585 sunt
234 2520 357 2586 tribuni
402 2522 494 2586 lebis.
517 2546 578 2588 nos
601 2525 694 2590 citius
717 2524 917 2589 caruerimus
939 2521 1083 2607 patriciis
1098 2522 1266 2607 magistra·

28 2653 30 2656 -
104 2625 119 2672 9
139 2606 225 2671 tibus
242 2630 339 2693 quam
355 2546 402 2672 illi
417 2607 553 2693 plebeis.
569 2633 687 2676 novam
702 2612 970 2696 inexpertamque
985 2630 1056 2672 eam
1071 2615 1265 2694 potestatem

139 2694 288 2775 eripuere
321 2692 469 2777 patribus
499 2698 628 2779 nostris,
659 2719 702 2760 ne
732 2718 818 2760 nunc
849 2694 1020 2759 dulcedine
1051 2691 1155 2759 semel
1181 2691 1265 2778 capti

137 2778 244 2842 ferant
266 2779 474 2862 desiderium,
498 2802 572 2846 oum
594 2784 787 2870 praesertim
808 2803 870 2847 neo
889 2803 949 2845 nos
964 2789 1185 2867 temperemus
1206 2779 1264 2842 im-

88 2864 247 2951 reperim,
282 2867 454 2950 quominus
484 2866 531 2930 illi
554 2867 666 2932 auxilii
698 2869 845 2954 egeant.“
884 2889 957 2932 cum
988 2865 1072 2930 haec
1104 2888 1146 2929 ex
1180 2864 1265 2930 omni

137 2959 231 3036 parte
267 2950 474 3034 iactarentur,
516 2954 596 3018 victi
632 2976 792 3019 consensu
836 2953 1013 3018 decemviri
1055 2950 1184 3016 futuros
1221 2973 1264 3030 se,

87 3056 117 3102 11
138 3036 269 3122 quando
300 3038 347 3100 ita
376 3038 538 3120 videatur,
574 3040 607 3103 in
643 3050 805 3125 potestate
842 3045 972 3126 patrum
1010 3037 1194 3101 adfirmant.
1232 3035 1265 3101 id

137 3121 235 3186 modo
259 3121 355 3186 simul
378 3133 473 3188 orant
494 3148 534 3189 ac
560 3136 702 3207 monent,
732 3135 770 3190 ut
791 3128 870 3214 ipsis
892 3125 934 3190 ab
957 3124 1079 3188 invidia
1101 3133 1264 3204 caveatur,

135 3229 197 3272 nec
220 3229 278 3272 suo
302 3211 458 3292 sanguine
481 3211 522 3274 ad
547 3211 707 3299 supplicia
728 3221 857 3296 patrum
877 3210 1009 3298 plebem
1032 3207 1263 3274 adsuefaciant.

102 3316 115 3363 1
238 3294 329 3359 LIII.
352 3295 437 3359 Tum
451 3295 604 3362 Valerius
623 3298 844 3382 Horatiusque
866 3298 957 3361 missi
979 3295 1019 3360 ad
1045 3294 1175 3381 plebem
1191 3316 1264 3360 oon·

136 3380 316 3444 dicionibus
348 3380 466 3467 quibus
497 3384 665 3448 videretur
701 3382 919 3448 revocandam
957 3380 1264 3469 componendasque

134 3487 189 3529 res
213 3465 407 3532 decemviris
431 3489 562 3555 quoque
585 3469 627 3534 ab
649 3470 698 3533 ira
729 3477 763 3534 et
788 3469 912 3556 impetu
933 3468 1149 3532 multitudinis
1171 3488 1263 3554 prae-

100 3570 251 3618 toavere
283 3551 447 3618 iubentur.
484 3555 620 3641 profecti
651 3555 769 3639 gaudio
803 3554 926 3638 ingenti
955 3554 1062 3641 plebis
1091 3554 1124 3616 in
1159 3562 1264 3617 castra

135 3639 347 3722 accipiuntur,
383 3639 503 3727 quippe
533 3638 726 3706 liberatores
758 3639 846 3705 haud
870 3641 967 3704 dubie
990 3650 1023 3705 et
1045 3650 1151 3704 motus
1174 3639 1263 3703 initio

98 3743 115 3793 8
134 3732 168 3787 et
190 3725 280 3788 exitu
301 3725 360 3789 rei.
383 3724 425 3789 ob
449 3726 532 3790 haec
552 3727 591 3790 iis
613 3727 861 3792 advenientibus
883 3728 1007 3811 gratiae
1030 3734 1133 3790 actae.
1153 3723 1263 3790 Icilius

133 3830 193 3896 pro
217 3809 423 3875 multitudine
455 3812 558 3877 verba
587 3812 673 3884 farcit
705 3812 806 3879 idem«
835 3834 911 3877 cum
942 3812 984 3877 de
1015 3810 1262 3878 condicionibus
