2738 4146
369 123 478 172 LIBER
496 124 543 173 111.
564 123 640 174 OAP.
657 126 700 175 48.
718 126 761 175 44.
781 122 815 191 [a.
833 125 866 176 U.
885 141 907 176 c.
926 123 996 186 3051.
1212 111 1274 170 219

89 295 209 359 derant
231 291 491 357 decemvirorum
514 294 684 380 permissu,
708 302 881 380 postquam
905 291 1028 357 nullum
1052 293 1224 380 spoliatum

90 381 137 445 ibi
161 403 280 467 corpus
304 379 510 465 Sicciumque
532 380 565 443 in
587 379 695 443 medio
718 379 878 443 iacentem
902 389 1059 444 armatum
1077 379 1225 445 omnibus

91 468 125 531 in
159 488 234 530 eum
264 466 369 529 versis
401 465 594 548 corporibus
625 465 749 546 videre,
787 466 929 530 hostium
965 485 1073 550 neque
1105 487 1224 552 corpus

92 551 195 616 ullum
217 572 279 615 nec
301 551 439 633 vestigia
461 550 659 629 abeuntium,
693 549 840 637 profecto
864 551 905 615 ab
929 553 996 617 suis
1018 552 1223 616 interfectum

90 645 312 702 memorantes
335 635 491 701 rettulere
514 658 643 721 corpus.
666 636 874 723 invidiaeque
889 635 988 722 plena
1003 647 1109 701 castra
1124 648 1224 718 erant,
1244 651 1258 698 7

92 734 126 788 et
157 723 294 785 Romam
324 721 402 786 ferri
432 722 580 807 protinus
612 722 754 788 Siccium
786 721 947 808 placebat,
979 723 1013 787 ni
1047 722 1225 788 decemviri

90 809 189 872 funus
212 806 350 871 militare
367 809 396 872 ei
410 806 545 893 publica
558 810 696 895 inpensa
709 807 819 873 facere
834 818 1061 874 maturassent.
1077 807 1224 895 sepultus

91 894 217 1044 pingenti
240 893 380 956 militum
401 895 573 976 maestitia,
596 895 740 980 pessima
762 894 1020 959 decemvirorum
1040 894 1077 958 in
1105 894 1224 980 vulgus

109 1001 184 1044 ama
207 987 265 1041 est.

196 1063 318 1128 XLIV.
335 1063 488 1150 Sequitur
503 1061 590 1128 aliud
613 1065 646 1127 in
668 1062 750 1127 urbe
772 1063 864 1129 nefas
886 1063 928 1128 ab
951 1063 1084 1130 libidine
1108 1076 1223 1150 ortum,
1244 1081 1257 1127 1

90 1150 183 1215 haud
206 1151 311 1214 minus
332 1149 430 1214 foedo
454 1158 582 1222 eventu,
607 1171 703 1236 quam
727 1151 815 1235 quod
837 1173 895 1233 per
909 1150 1034 1216 facinus
1056 1154 1090 1216 in
1104 1152 1223 1217 Lucre·

91 1237 171 1301 tiam
189 1238 395 1301 commissum
412 1235 492 1299 urbe
507 1257 674 1322 regnoque
690 1234 884 1321 Tarquinios
907 1236 1086 1324 expulerat,
1109 1248 1224 1303 utnon

91 1320 166 1385 finis
190 1321 294 1386 solum
317 1320 406 1384 idem
429 1321 633 1403 decemviris,
666 1321 722 1406 qui
745 1321 887 1404 regibus,
920 1323 978 1387 sed
1007 1345 1105 1387 causa
1127 1325 1223 1389 etiam

93 1408 212 1473 eadem
254 1408 383 1492 imperii
427 1407 595 1471 amittendi
638 1417 733 1470 esset.
777 1405 842 1491 Ap.
881 1405 1054 1473 Claudium
1090 1410 1261 1494 virginisa

56 1528 58 1531 ·
91 1493 244 1579 plebeiae
267 1492 368 1556 libido
393 1493 491 1577 cepit.
514 1501 608 1577 pater
629 1491 772 1574 virginis,
795 1491 833 1555 L.
851 1493 1035 1577 Verginius,
1051 1494 1224 1560 honestum

93 1579 242 1644 ordinem
264 1579 296 1641 in
313 1577 432 1661 Algido
455 1577 606 1660 ducebat,
629 1578 680 1642 vir
695 1577 837 1665 exempli
862 1580 944 1643 recti
967 1579 1054 1644 domi
1077 1580 1223 1647 militiae-

118 1687 169 1729 ue.
208 1664 347 1750 perinde
370 1685 455 1728 uxor
476 1664 622 1727 instituta
643 1661 750 1727 fuerat
780 1663 939 1750 liberique
961 1664 1223 1732 instituebantur.

93 1688 317 1835 desponderat
346 1749 447 1813 filiam
477 1750 516 1812 L.
551 1747 644 1813 Icilio
676 1749 859 1830 tribunicio,
896 1750 967 1812 viro
1000 1752 1068 1814 acri
1099 1762 1132 1816 et
1162 1771 1259 1839 pros

93 1857 194 1900 causa
230 1835 336 1921 plebis
374 1843 529 1918 expertae
564 1834 703 1899 virtutis.
748 1834 834 1898 hanc
870 1837 1030 1919 virginem
1066 1835 1258 1920 adultam,4

92 1921 201 1986 forma
223 1919 437 1985 excellentem
460 1920 589 2008 Appius
612 1941 722 1984 amore
745 1941 857 1984 amens
880 1922 984 2005 pretio
1007 1943 1045 1985 ac
1068 1943 1125 2008 spe
1148 1946 1222 2009 per-

93 2007 196 2071 licere
219 2007 363 2088 adortus,
386 2015 559 2091 postquam
582 2006 691 2070 omnia
713 2006 839 2090 pudore
855 2016 967 2091 saepta
982 2009 1222 2089 animadvertit,

94 2093 138 2157 ad
155 2091 321 2156 crudelem
338 2091 578 2177 superbamque
594 2091 659 2155 vim
676 2093 817 2156 animum
833 2095 1001 2158 convertit.
1021 2092 1066 2157 M.
1084 2093 1221 2160 Claudio
1240 2111 1256 2158 ὁ

95 2177 209 2243 clienti
230 2179 396 2258 negotium
419 2177 518 2258 dedit,
541 2187 578 2242 ut
599 2178 760 2260 virginem
781 2178 813 2240 in
838 2180 1027 2243 servitutem
1054 2180 1222 2245 adsereret

92 2285 203 2351 neque
225 2263 359 2327 cederet
381 2261 559 2327 secundum
582 2262 763 2326 libertatem
790 2263 1030 2347 postulantibus
1052 2265 1220 2349 vindicias,

95 2349 185 2436 qnod
222 2360 316 2434 pater
352 2348 480 2434 puellae
518 2349 657 2427 abesset,
695 2348 802 2413 locum
840 2350 976 2413 iniuriae
1014 2371 1085 2414 esse
1121 2362 1221 2416 ratus.

94 2435 213 2520 virgini
235 2435 378 2498 venienti
400 2434 560 2498 inferum
583 2433 693 2498 --ibi
722 2455 864 2518 namque
896 2435 929 2497 in
961 2433 1106 2499 tabernis
1137 2434 1257 2503 litte-6

94 2542 206 2584 rarum
235 2519 304 2584 ludi
334 2530 427 2584 erant
456 2557 499 2566 —
528 2521 675 2583 minister
706 2519 883 2583 decemviri
913 2519 1057 2584 libidinis
1090 2543 1220 2584 manum

94 2607 206 2670 iniecit
227 2627 323 2670 serva
345 2629 404 2670 sua
418 2615 527 2669 natam
543 2626 736 2690 servamque
752 2605 936 2688 appellans3
961 2607 1053 2691 sequi
1067 2606 1219 2671 iubebat:

95 2700 300 2756 cunctantem
332 2693 366 2755 vi
397 2691 646 2755 abstracturum.
693 2692 811 2776 pavida
844 2690 953 2777 puella
990 2703 1141 2776 stupente
1178 2693 1257 2761 adr

95 2775 272 2840 clamorem
295 2777 429 2840 nutricis
450 2777 550 2840 fidem
566 2776 740 2857 Quiritium
753 2775 954 2860 implorantis
978 2776 1016 2841 fit
1031 2800 1219 2844 concursus.

93 2861 242 2946 Verginii
264 2864 366 2946 patris
388 2863 565 2948 sponsique
587 2861 669 2925 Icilii
695 2861 853 2947 populare
884 2884 1002 2927 nornen
1026 2863 1219 2931 celebratur.

93 2956 190 3012 notos
212 2949 316 3032 gratia
339 2970 461 3030 eorum,
490 2947 619 3011 turbam
651 2947 825 3031 indignitas
846 2949 894 3011 rei
917 2949 1033 3032 virgini
1057 2951 1218 3015 conciliat.

93 3033 160 3097 iam
183 3055 202 3096 a
223 3034 256 3098 vi
278 3042 347 3097 tuta
370 3043 447 3114 erat,
471 3055 544 3097 cum
568 3033 714 3097 adsertor
729 3032 808 3095 nibil
829 3055 910 3120 opus
927 3057 998 3098 esse
1015 3035 1255 3100 multitudines

94 3119 256 3182 concitata
277 3121 336 3200 ait;
360 3141 394 3183 se
416 3120 486 3183 iure
510 3121 660 3202 grassari,
683 3140 747 3182 non
769 3121 812 3183 vi.
834 3130 931 3183 vocat
952 3120 1094 3204 puellam
1109 3123 1143 3184 in
1159 3123 1218 3187 ius.

93 3203 280 3268 auctoribus
302 3205 351 3287 iis,
375 3206 432 3290 qui
453 3204 598 3283 aderant,
621 3213 658 3268 ut
680 3214 879 3289 sequeretur,
903 3206 945 3268 ad
961 3205 1102 3269 tribunal
1117 3208 1219 3292 Appii
1241 3223 1256 3270 9

91 3298 288 3389 perventum
312 3298 370 3355 est.
404 3300 513 3354 notam
535 3290 634 3353 iudici
655 3289 799 3354 fabulam
823 3291 951 3375 petitor,
985 3292 1108 3377 quippe
1131 3295 1217 3378 apud
1248 3355 1249 3360 ,

92 3397 201 3459 rpsum
234 3384 398 3439 auctorem
430 3375 621 3459 argumenti,
656 3377 798 3460 peragit3
835 3375 976 3459 puellam
1017 3378 1104 3440 domi
1140 3401 1218 3443 suae

91 3470 202 3524 natam
224 3463 374 3545 furtoque
396 3462 472 3524 inde
493 3462 526 3524 in
550 3461 680 3525 domum
703 3459 849 3543 Verginii
878 3461 1067 3526 translatam
1099 3486 1217 3549 suppo-

91 3547 186 3611 sitam
222 3548 252 3609 ei
286 3567 373 3627 esse3
410 3547 443 3609 id
467 3569 501 3609 se
523 3546 643 3609 indicio
668 3556 869 3630 compertum
903 3548 1031 3613 adferre
1064 3549 1217 3633 probatu·
1239 3567 1272 3614 10

90 3655 231 3716 rumque
263 3631 317 3695 vel
348 3633 418 3716 ipso
453 3633 606 3715 Verginio
637 3631 755 3714 iudice,
793 3632 834 3696 ed
873 3655 968 3718 quem
1006 3635 1110 3699 maior
1165 3657 1217 3699 ars

89 3718 230 3782 iniuriae
264 3718 332 3780 eius
365 3718 541 3801 pertineat3
578 3717 705 3780 interim
741 3718 907 3782 dominum
945 3721 1037 3805 sequi
1069 3658 1218 3784 ancillam

89 3826 231 3890 aequum
255 3824 336 3865 esse.
360 3803 510 3867 advocati
532 3801 670 3885 puellae,
695 3825 769 3867 cum
788 3805 974 3888 Verginium
997 3807 1044 3869 rei
1066 3807 1276 3892 publicarem
