2738 4146
87 112 127 170 72
378 125 487 173 uisuri
504 125 538 174 11.
557 123 632 205 cnr.
651 125 693 174 as.
711 126 753 187 24.
773 121 805 191 [a.
823 123 857 174 υ.
875 138 897 173 e.
916 121 986 191 2591.

97 314 113 363 ὅ
138 296 274 358 catrices
297 295 435 359 adverso
460 305 590 379 pectore
615 293 808 358 ostentabat.
833 292 1081 370 sciscitantibus,
1105 291 1192 356 unde
1219 292 1278 358 ille

137 380 277 461 habitus,
301 383 388 445 unde
412 381 609 458 deformitas,
634 403 704 444 cum
730 380 924 444 circumfusa
945 379 1043 443 turba
1058 388 1144 444 esset
1167 401 1278 465 prope

137 468 170 530 in
198 468 355 530 contionis
383 467 525 548 modurn,
559 466 679 532 Sabino
708 465 795 530 bello
823 468 868 529 ait
896 488 931 530 se
959 464 1161 547 militantem,
1195 468 1279 550 quia

138 566 271 637 propter
294 552 520 637 populationes
537 554 607 636 agri
628 575 693 616 non
707 552 813 616 fructu
828 551 926 615 modo
943 553 1092 626 caruerit,
1118 551 1176 615 sed
1194 551 1278 616 villa

138 640 271 703 incensa
285 638 390 716 fuerit,
416 640 545 723 direpta·
558 641 673 714 omnia,
697 660 818 722 pecora
834 638 959 719 abacta,
985 637 1141 700 tributum
1158 639 1276 723 iniquo

98 747 113 794 6
138 747 197 789 suo
221 734 370 809 tempore
392 726 597 810 imperatum,
621 747 677 788 aes
700 723 841 787 alienum
863 724 989 787 fecisse.
1013 724 1046 785 id
1071 722 1276 788 cumulatum

138 812 245 875 usuris
268 832 373 895 primo
401 833 436 874 se
459 833 536 894 agro
559 821 695 895 paterno
719 811 871 895 avitoque
895 811 1033 889 exuisse,
1062 809 1182 873 deinde
1204 810 1275 874 for·

137 901 223 961 tunis
255 895 339 974 aliis,
379 907 543 979 postremo
574 882 665 960 velut
693 896 803 959 tabem
836 898 1022 979 pervenisse
1059 895 1102 958 ad
1134 917 1275 980 corpus;

139 983 272 1046 ductum
295 1005 329 1046 se
352 982 394 1046 ab
418 982 579 1046 creditore
600 1004 665 1046 nou
687 982 720 1044 in
736 983 913 1063 servitium,
937 981 995 1045 sed
1016 983 1049 1045 in
1070 980 1276 1064 ergastulum

98 1092 113 1139 τ
138 1080 171 1134 et
194 1068 409 1132 carnificinam
440 1091 519 1132 esse.
544 1068 619 1130 inde
644 1078 805 1131 ostentare
828 1078 955 1144 tergum
979 1067 1110 1130 foedum
1134 1069 1275 1131 recenti·

136 1154 199 1219 bus
214 1156 361 1239 vestigiis
377 1154 560 1217 verberum.
584 1154 624 1215 ad
642 1154 723 1218 haec
738 1155 808 1216 visa
824 1155 999 1238 auditaque
1016 1153 1137 1217 clamor
1153 1155 1274 1236 ingens

138 1243 248 1304 oritur.
278 1262 341 1302 non
368 1241 432 1302 iam
459 1240 529 1302 foro
557 1263 592 1303 se
619 1239 775 1303 tumultus
803 1248 901 1317 tenet,
934 1240 992 1303 sed
1019 1241 1140 1324 passim
1168 1249 1276 1303 totam

98 1350 113 1399 8
137 1325 252 1391 urbem
276 1326 434 1411 pervadit.
459 1327 535 1388 nexi
558 1327 658 1389 vincti
681 1325 845 1410 solutique
868 1347 903 1389 se
931 1326 1075 1411 undique
1101 1325 1135 1388 in
1162 1323 1275 1409 publi·

138 1434 210 1475 cum
235 1413 428 1497 proripiunt,
451 1409 627 1496 implorant
651 1410 825 1490 Quiritium
843 1411 950 1475 fidem.
974 1411 1062 1475 nullo
1085 1409 1158 1474 loco
1177 1412 1276 1475 deest

138 1499 307 1563 seditionis
329 1496 530 1561 voluntarius
555 1519 677 1576 comes3
715 1498 823 1560 multis
851 1499 971 1580 passim
999 1495 1181 1577 agminibus
1210 1519 1276 1582 per

97 1610 113 1657 9
138 1606 251 1648 omnes
266 1585 335 1646 vias
360 1605 432 1646 cum
457 1582 598 1646 clamore
617 1585 649 1645 in
665 1582 769 1646 forum
787 1585 937 1647 curritur.
961 1605 1078 1666 magno
1096 1605 1167 1646 cum
1184 1585 1275 1669 peri·

139 1669 210 1733 culo
239 1692 307 1750 suo,
346 1672 400 1754 qui
426 1670 510 1733 forte
538 1680 666 1754 patrum
694 1669 821 1733 infore
847 1680 948 1743 erant,
980 1671 1107 1733 ineam
1136 1669 1274 1733 turbam

96 1756 334 1834 10inciderunt;
367 1778 428 1819 nec
451 1767 666 1839 temperatum
689 1755 838 1819 manibus
860 1756 953 1836 foret,
977 1756 1010 1818 ni
1031 1777 1171 1840 propere
1196 1776 1274 1819 con·

138 1841 234 1922 sules,
257 1842 294 1905 P.
320 1840 476 1905 Servilius
500 1855 531 1904 et
554 1840 616 1924 Ap.
641 1839 806 1921 Claudius,
830 1842 870 1904 ad
896 1842 1162 1928 conprimendam
1186 1841 1273 1904 sedi·

137 1930 259 1991 tionem
286 1928 542 1990 intervenissent.
582 1938 614 1988 at
640 1928 672 1988 in
701 1950 755 1990 eos
783 1926 955 1990 multitudo
983 1948 1079 1990 versa
1105 1937 1273 1992 ostentare

96 2013 268 2078 rivincula
290 2035 349 2076 sua
373 2012 678 2096 deformitatemque
701 2011 807 2076 aliam.
832 2013 913 2075 haec
942 2035 976 2076 se
1000 2015 1131 2076 meritos
1156 2012 1272 2077 dicere

139 2098 376 2185 exprobrantes
408 2120 499 2160 suam
528 2101 666 2183 quisque
693 2098 775 2161 alius
802 2097 879 2162 alibi
908 2099 1069 2180 militiam3
1102 2098 1272 2181 postulare

137 2183 239 2248 multo
255 2186 423 2247 minaciter
438 2186 540 2268 magis
557 2207 652 2269 quam
669 2185 868 2268 suppliciter,
885 2194 920 2249 ut
936 2195 1083 2248 senatum
1100 2195 1269 2266 vocarent,

140 2273 327 2354 curiamque
350 2272 413 2356 ipsi
435 2270 534 2333 futuri
557 2269 671 2333 arbitri
694 2271 981 2356 moderatoresque
996 2269 1120 2356 publici
1143 2269 1272 2335 consilii

96 2358 389 2422 racircumsistunt.
413 2358 507 2441 pauci
531 2356 707 2419 admodum
725 2366 863 2441 patrum,
888 2380 968 2442 quos
985 2379 1079 2420 casus
1096 2355 1271 2433 obtulerat,

139 2444 294 2507 contracti
317 2442 358 2505 ab
383 2441 583 2521 consulibus3
600 2453 725 2505 ceteros
751 2453 853 2506 metus
876 2465 940 2506 non
964 2445 1054 2506 ouria
1076 2443 1186 2515 modo,
1211 2443 1272 2507 sed

139 2531 234 2593 etiam
268 2529 338 2591 foro
371 2528 514 2608 arcebat,
545 2550 607 2592 nec
639 2527 691 2611 agi
725 2530 898 2614 quicquam
930 2551 989 2613 per
1020 2528 1270 2614 infrequentiam

96 2624 268 2700 13poterat
291 2624 431 2678 senatus.
454 2624 523 2677 turn
546 2635 625 2678 vero
649 2614 737 2676 eludi
760 2625 857 2699 atque
881 2613 1009 2678 extrahi
1036 2636 1072 2678 se
1094 2614 1270 2678 multitudo

139 2710 263 2786 putare,
293 2710 326 2763 et
353 2710 479 2785 patrum
510 2701 564 2784 qui
593 2699 754 2780 abessent,
782 2723 847 2764 non
875 2723 960 2780 casu,
989 2722 1052 2763 non
1081 2711 1180 2780 metu,
1211 2700 1270 2764 sed

139 2787 367 2870 impediendae
390 2788 436 2848 rei
461 2808 557 2848 causa
580 2785 707 2867 abesse,
732 2796 764 2850 et
779 2788 929 2850 consules
944 2788 1033 2871 ipsos
1048 2788 1269 2869 tergiversari,

96 2894 200 2940 tinec
225 2871 324 2934 dubie
347 2871 488 2935 ludibrio
518 2893 589 2934 esse
618 2872 763 2935 miserias
792 2896 876 2936 suas.
905 2875 967 2935 iam
996 2895 1099 2957 prope
1127 2885 1206 2952 erat,
1235 2882 1273 2936 ut

138 2980 180 3021 ne
204 2956 372 3021 consulum
397 2957 526 3042 quidem
551 2957 702 3021 maiestas
727 2969 893 3022 coerceret
915 2959 979 3022 iras
995 2957 1172 3039 hominum,
1198 2981 1270 3021 cum

138 3046 262 3123 incerti,
302 3042 459 3106 morando
492 3065 532 3105 an
563 3044 723 3106 veniendo
754 3043 828 3129 plus
861 3043 998 3130 periculi
1028 3044 1271 3125 contraherent,

139 3130 271 3193 tandem
294 3130 326 3192 in
351 3139 495 3193 senatum
513 3130 660 3208 veniunt;
683 3130 846 3215 frequenti
873 3154 913 3194 ue
937 3131 1068 3194 tandem
1092 3131 1184 3193 ouria
1206 3152 1271 3194 non

139 3217 236 3280 modo
260 3217 345 3280 inter
368 3227 477 3300 patres
502 3216 559 3278 sed
582 3238 622 3279 ne
644 3216 728 3280 inter
752 3155 902 3280 consules
926 3217 1057 3302 quidem
1079 3217 1167 3301 ipsos
1192 3216 1271 3280 satis

140 3302 363 3366 conveniebat.
377 3301 516 3387 Appius,
527 3301 730 3365 vehementis
747 3303 866 3386 ingenii
877 3305 936 3383 vir,
953 3304 1090 3388 imperio
1108 3301 1272 3366 consulari

139 3411 209 3450 rem
241 3388 402 3470 agendam
431 3387 598 3451 censebat:
631 3410 695 3452 uno
724 3399 780 3453 aut
811 3388 913 3453 altero
942 3399 1073 3473 arrepto
1102 3389 1272 3474 quieturos

140 3473 235 3552 alios,
270 3472 436 3549 Servilius,
460 3472 589 3537 lenibus
617 3475 771 3538 remediis
800 3477 914 3560 aptior,
939 3479 1117 3539 concitatos
1146 3475 1272 3539 animos

142 3559 228 3623 flecti
252 3581 350 3642 quam
372 3560 477 3642 frangi
501 3559 638 3642 putabat
661 3582 734 3623 cum
758 3562 859 3625 tutius
882 3573 948 3625 tum
972 3560 1099 3625 facilius
1123 3582 1206 3626 esse.

102 3669 115 3716 ι
244 3642 371 3708 XXIV.
396 3644 486 3709 lnter
514 3645 596 3708 haec
623 3647 727 3709 maior
756 3645 837 3710 alius
863 3657 983 3712 terror:
1010 3647 1118 3711 Latini
1145 3644 1272 3732 equites

143 3751 216 3793 cum
238 3729 439 3794 tumultuoso
456 3731 610 3795 advolant
633 3732 744 3796 nuntio
761 3731 899 3797 Volscos
922 3733 1038 3798 infesto
1060 3733 1209 3797 exercitu
1228 3730 1273 3797 sd

142 3817 258 3881 urbem
284 3818 536 3901 oppugnandam
559 3818 683 3882 venire.
713 3840 797 3902 quae
822 3820 933 3883 audita
953 3856 996 3867 -
1018 3818 1102 3885 adeo
1124 3816 1207 3883 dun
1229 3838 1273 3885 οἱ
