2738 4146
382 166 432 214 nn
456 165 529 214 r1r1
550 164 638 214 mvn
655 164 740 214 vrrs
758 165 805 213 nr
824 165 990 216 scmrrrs.
1228 151 1278 214 IX

199 337 252 402 De
286 337 421 422 reliquis
452 346 559 400 autem
594 337 663 400 eius
694 337 782 400 vitae
813 336 912 401 rebus
943 336 1023 400 nihil
1050 337 1119 401 fere
1142 348 1277 418 constat,

96 425 159 487 nisi
182 424 270 508 quod
294 423 394 486 filium
419 424 449 486 ei
479 422 581 485 fuisse
605 430 638 486 et
659 420 758 484 filiam
790 444 832 486 ex
855 421 1044 501 Quintiliani
1067 423 1278 509 Senecaeque

96 510 207 573 verbis
231 508 386 592 colligere
400 508 604 592 possumus¹
627 509 676 571 Ac
695 508 723 570 si
737 507 883 572 nonnulli
908 509 1090 591 opinantur,
1114 532 1187 573 eum
1204 519 1278 596 post

96 595 238 679 Augusti
260 606 399 659 mortem
422 594 526 657 Roma
552 591 667 657 relicta
689 592 860 656 Patavium
883 593 1030 672 rediisse,
1063 617 1102 658 ea
1125 596 1277 679 opinioa

97 703 175 746 vero
192 703 257 743 non
275 680 453 744 abhorrere
475 679 620 742 videturt
644 678 689 742 ibi
705 679 790 742 enim
806 689 889 743 teste
904 679 1107 762 Hieronymo
1131 689 1277 757 mortuus

98 777 147 831 est
170 788 252 830 anno
276 776 351 850 post
366 764 443 830 Ohr.
467 787 498 828 n.
521 765 660 848 septimo
678 764 816 842 decimo,
840 765 957 829 eodem
973 787 1068 848 anno,
1092 788 1155 851 quo
1180 767 1275 830 etiam

98 851 236 917 Ovidius
259 861 357 937 poeta
378 853 412 914 in
435 849 533 914 exilio
557 850 641 912 diem
667 848 748 915 obiit
770 851 989 934 supremum.²

199 938 243 1001 II.
259 937 328 1000 Iam
347 938 387 1001 de
403 937 532 1021 scriptis
547 935 586 999 Τ.
602 935 689 999 Livii
703 936 816 1018 paucis
831 936 941 1000 verbis
957 937 1037 1000 mihi
1054 937 1179 1000 dicturo
1202 935 1277 999 libri

97 1022 152 1104 illi,
180 1045 261 1108 quos
284 1032 416 1107 praeter
440 1022 591 1085 historias
624 1021 794 1106 scripsisse
815 1020 927 1104 fertur,
960 1045 1033 1087 cnm
1065 1022 1107 1085 ad
1130 1032 1274 1086 nostram

98 1119 239 1172 aetatem
277 1130 343 1172 non
379 1109 597 1192 pervenerint,
635 1106 780 1171 breviter
817 1116 940 1171 tantum
981 1109 1160 1191 attingendi
1191 1117 1275 1172 sunt.

98 1195 254 1276 Legimus
289 1194 387 1276 igitur
410 1193 497 1278 apud
521 1191 679 1256 Senecam
701 1191 828 1275 philoso
854 1192 943 1271 hum,
975 1192 1121 1277 dialogos
1145 1215 1276 1279 quoque

98 1280 226 1343 Livium
258 1280 438 1363 scripsisse,
472 1300 552 1362 quos
581 1300 645 1341 non
677 1279 779 1361 magis
808 1215 1037 1364 philosophiae
1060 1279 1275 1342 adnumerare

98 1367 203 1449 possis
227 1387 324 1450 quam
348 1364 511 1445 historiae,
535 1375 568 1427 et
591 1384 633 1426 ex
647 1363 795 1450 professo
811 1364 1050 1449 philosophiam
1075 1366 1275 1428 continentes

97 1451 228 1513 libros³
251 1472 288 1513 ac
304 1449 520 1529 Quintilianus
543 1448 585 1512 de
608 1448 745 1532 epistula
767 1450 963 1514 mentionem
985 1450 1062 1513 facit
1085 1449 1156 1513 aT.
1179 1450 1274 1515 Livio

97 1537 139 1599 ad
162 1535 264 1598 filium
287 1539 395 1615 missa,
428 1557 501 1619 qua,
525 1536 654 1619 quinam
679 1536 881 1621 potissimum
904 1546 1055 1600 auctores
1078 1537 1186 1598 iuveni
1209 1534 1275 1600 elo-

98 1622 248 1705 quentiae
286 1622 431 1684 studioso
464 1618 595 1703 legendi
632 1629 749 1699 essent,
780 1623 1018 1704 praescripsit!
1056 1621 1207 1684 Ceterum
1242 1623 1275 1684 in

97 1705 323 1791 philosophiae
341 1717 372 1770 et
387 1708 465 1769 artis
481 1707 662 1770 rhetoricae
677 1706 785 1769 studia
800 1728 880 1771 eum,
891 1706 1063 1790 diligenter
1077 1706 1274 1787 incubuisse,

98 1804 129 1855 et
164 1814 206 1856 ex
237 1794 309 1876 ipsa
350 1791 514 1854 scribendi
546 1792 672 1855 ratione
703 1790 967 1877 orationibusque
1000 1793 1090 1877 operi
1121 1791 1273 1856 historico

97 1879 247 1940 intextis⁵
288 1886 320 1940 et
351 1899 393 1940 cx
433 1875 644 1960 conpluribus
681 1875 816 1939 aliorum
850 1879 1043 1961 scriptorum
1081 1879 1274 1942 testimoniis

98 1965 176 2026 satis
200 1964 370 2047 apparet.⁰
404 1960 685 2026 Immortalitatem
718 1984 796 2026 vero
820 1961 857 2025 T.
881 1960 993 2026 Livius
1017 1985 1117 2047 opere
1147 1962 1202 2027 illo
1225 1964 1273 2026 hi-

97 2050 226 2127 storico,
252 2048 453 2132 quodmodo
476 2049 811 2127 commemoravimus,
835 2059 1028 2112 consecutus
1052 2058 1109 2129 est,
1134 2071 1198 2133 quo
1221 2071 1274 2112 res

97 2155 116 2194 a
139 2132 260 2216 populo
284 2133 430 2195 Romano
454 2143 562 2215 gestas
595 2131 636 2195 ab
659 2132 740 2196 urbe
773 2133 902 2196 condita
933 2156 1037 2219 usque
1070 2134 1112 2197 ad
1135 2144 1273 2197 mortem

10 2267 16 2279 .
96 2218 208 2299 Drusi,
233 2219 289 2302 qui
312 2240 395 2281 anno
418 2239 503 2280 nono
527 2226 602 2281 ante
625 2215 702 2282 Chr.
734 2240 766 2280 n.
801 2219 834 2281 in
858 2216 1036 2282 Germania
1067 2218 1153 2283 diem
1182 2220 1273 2301 obiit,

95 2302 187 2367 libris
204 2315 333 2368 centum
350 2303 564 2388 quadraginta
580 2302 707 2366 duobus
724 2302 906 2387 descripsit.
922 2304 973 2368 Ac
987 2307 1044 2368 vix
1060 2304 1274 2368 dubitandum

96 2413 168 2453 esse
192 2391 331 2469 videtur,
356 2391 434 2474 quin
449 2388 605 2452 librorum
629 2391 745 2452 seriem
763 2389 963 2453 deducturus
986 2391 1083 2454 fuerit
1105 2413 1208 2474 usque
1231 2391 1273 2453 ad

97 2497 267 2539 excessum
290 2475 450 2557 Augusti,
465 2475 526 2543 nisi
549 2484 606 2537 aut
628 2473 760 2553 viribus,
786 2496 870 2559 quae
893 2497 966 2538 eum
991 2475 1195 2556 deficiebant,
1219 2486 1274 2539 aut

53 2560 56 2567 “
95 2561 168 2644 ipsa
191 2570 296 2623 morte
320 2570 405 2624 esset
435 2559 619 2643 impeditus.
655 2558 698 2622 Hi
731 2570 839 2623 autem
865 2560 941 2624 libri
963 2571 1087 2624 tantum
1115 2564 1272 2647 temporis

96 2649 235 2730 spatium
258 2645 408 2730 conplexi
431 2645 568 2709 testibus
593 2655 625 2710 et
647 2647 878 2732 antiquissimis
910 2646 1001 2710 libris
1023 2669 1122 2710 manu
1145 2650 1273 2731 scriptis

96 2742 128 2795 et
151 2733 370 2815 grammaticis
402 2730 467 2794 fide
491 2730 599 2814 dignis
630 2731 778 2817 inscripti
811 2742 916 2796 erant:
940 2732 977 2795 T.
1000 2733 1085 2796 Livii
1119 2732 1159 2796 ab
1192 2733 1274 2797 urbe

96 2818 227 2880 condita
249 2817 332 2880 libri.
356 2817 409 2878 Ex
441 2827 491 2881 tot
505 2839 584 2882 vero
608 2816 768 2881 librorum
792 2817 886 2894 mole,
911 2828 947 2881 ut
969 2821 1014 2882 ita
1035 2819 1151 2899 dicam,
1176 2841 1273 2904 quam

94 2904 217 2987 antiqui
234 2905 410 2986 scriptores
427 2903 491 2965 iam
513 2903 789 2984 admirabantur,⁷
811 2914 994 2988 temporum
1018 2905 1134 2967 iniuria
1156 2914 1272 2989 quarta

197 3074 206 3107 ¹
225 3073 377 3134 Quintilian.
396 3074 459 3122 Inst.
478 3088 515 3122 or.
534 3073 566 3133 X,
587 3076 644 3140 1‚„.
665 3073 757 3125 Sanec.
778 3074 901 3124 Controv.
920 3090 1036 3138 prooem.
1055 3075 1100 3124 lib.
1118 3075 1151 3126 V.

197 3156 255 3208 ²1..
273 3174 295 3207 c.
320 3176 336 3211 a
362 3160 423 3208 Abr.
447 3162 526 3208 2033:
548 3160 664 3210 Livius
686 3160 976 3225 historiographus
998 3160 1112 3210 Patavi
1131 3164 1273 3212 moritur.

199 3246 209 3280 ³
226 3245 311 3308 Epist.
332 3248 409 3310 100„.

198 3330 208 3364 ⁴
227 3330 382 3391 Quintilian.
399 3330 417 3380 l.
438 3347 459 3380 c.
477 3329 511 3396 X,
530 3335 590 3399 1,3,.

197 3417 207 3450 ⁶
228 3416 266 3465 Cf.
295 3417 441 3465 clarissima
459 3417 537 3467 huius
564 3419 603 3467 rei
622 3417 741 3481 exempla
766 3418 835 3467 infra
860 3418 888 3466 in
915 3418 1077 3467 orationibus
1100 3418 1148 3482 Ap.
1169 3416 1272 3468 Claudii

92 3503 180 3552 Crassi
199 3504 244 3565 VI,
262 3506 315 3567 40„
334 3518 398 3567 sqq,
419 3503 448 3551 T.
467 3503 560 3552 Manlii
578 3504 705 3568 Torquati
724 3505 808 3562 XXII,
828 3506 881 3569 60„
900 3519 956 3568 sqq.

195 3587 206 3621 θ
224 3588 263 3637 Of.
281 3590 432 3638 testimonia
448 3590 476 3638 in
495 3589 611 3638 editione
628 3589 879 3639 Weissenborniana
896 3589 912 3638 l.
932 3606 963 3653 c.,
981 3606 1006 3654 p.
1026 3592 1040 3637 6
1060 3589 1177 3638 collecta.

195 3672 263 3722 ⁷0f.
292 3675 404 3724 Martial.
426 3676 512 3739 Epigr.
531 3675 602 3738 XIV,
623 3678 688 3739 190„
712 3692 764 3740 sq:
795 3675 928 3734 ,Pellibus
947 3677 1046 3739 exiguis
1066 3680 1165 3724 artatur
1181 3676 1272 3723 Livius

90 3761 191 3824 ingens,
212 3759 295 3820 Quem
314 3776 373 3809 mea
392 3777 445 3809 non
463 3767 546 3810 totum
564 3761 726 3811 bibliotheca
744 3763 836 3824 capit,“
862 3762 958 3826 quibus
976 3762 1096 3811 versibus
1114 3759 1280 3820 signitas-am

90 3847 147 3895 sine
167 3846 247 3895 dubio
268 3847 389 3909 epitoma,
411 3845 443 3896 de
463 3862 516 3914 qua
533 3862 595 3898 mox
614 3847 713 3897 dicturi
730 3863 835 3899 sumus.
918 3893 921 3899 .
