2738 4146
86 139 151 197 220
323 151 433 201 LIBER
449 152 498 201 lIl.
516 151 592 201 CAP.
609 156 653 202 44.
670 155 713 202 45.
730 155 773 202 l&
792 151 827 219 {a
844 152 880 203 U.
895 169 920 203 e.
937 151 1011 221 305]-

140 345 240 388 causa
261 322 421 387 dixissent
445 322 573 404 abesse,
606 322 707 387 biduo
738 323 942 395 adiuturum,
976 325 1005 388 si
1037 327 1215 390 nuntiatum
1232 323 1255 387 ei

88 424 122 473 1⁶2
140 411 191 491 sit,
213 411 359 496 iniquum
383 431 456 474 esse
478 409 648 472 absentem
679 409 721 473 de
752 407 864 473 liberis
896 410 1068 491 dimicare,
1099 411 1255 499 postulant,

140 507 268 560 utrem
290 497 449 578 integram
472 498 506 559 in
528 498 632 580 patris
655 495 832 558 adrentum
860 496 1002 573 differat,
1035 497 1112 582 lege
1142 500 1256 584 abipso

139 581 207 646 lata
227 582 387 645 vindicias
410 582 466 644 det
481 582 660 645 secundum
677 579 863 644 libertatem
878 604 944 645 neu
958 585 1106 667 patiatur
1119 587 1256 670 virginem

139 666 284 732 adultam
308 668 414 731 famae
436 668 528 752 prius
551 690 650 753 quam
671 666 833 731 libertatis
855 667 1040 753 periculum
1063 671 1169 735 adire.

103 771 118 818 1
241 752 345 818 XLV.
371 755 499 838 Appius
515 754 648 816 decreto
663 754 845 838 praefatur:
868 776 969 838 quam
988 754 1136 820 libertati
1150 755 1257 834 faverit,

141 861 213 904 eam
236 844 339 924 ipsam
362 838 470 923 legem
503 839 681 921 declarare,
713 862 810 923 quam
832 839 983 924 Verginii
1005 843 1105 904 amici
1135 841 1257 926 postula

104 927 220 989 ationi
242 949 321 990 suae
343 926 574 1009 praetendant3
606 935 750 988 ceterum
782 926 829 988 ita
858 926 892 988 in
915 947 956 988 ea
976 926 1111 991 firmum
1133 927 1258 992 libertati

139 1014 210 1075 fore
234 1013 443 1096 praesidium,
476 1013 503 1074 si
536 1034 599 1075 nec
630 1013 737 1074 causis
762 1034 823 1074 nec
845 1014 997 1096 personis
1018 1015 1143 1096 variet3
1174 1016 1205 1078 in
1229 1014 1259 1076 iis

141 1100 237 1179 enim,
262 1099 317 1182 qui
339 1098 533 1160 adserantur
555 1098 587 1159 in
610 1097 807 1178 libertatem,
840 1099 917 1183 quia
948 1100 1058 1184 quivis
1081 1099 1155 1183 lege
1176 1120 1258 1183 agere

141 1186 254 1269 possit,
277 1184 311 1247 id
334 1184 412 1246 iuris
435 1205 522 1265 esse;
544 1184 577 1246 in
600 1205 649 1264 ea,
666 1205 750 1268 quae
765 1185 799 1246 in
812 1184 917 1266 patris
931 1206 1032 1247 manu
1046 1187 1099 1266 sit,
1115 1188 1259 1249 neminem

106 1283 213 1334 cesse
235 1268 344 1351 alium,
368 1270 419 1332 cui
443 1269 593 1332 dominus
619 1269 827 1354 possessione
858 1270 969 1353 cedat3
1000 1269 1136 1356 placere
1165 1275 1259 1357 itaque
1301 1262 1303 1333 l

139 1367 267 1443 patrem
301 1356 431 1433 arcessi,
461 1355 588 1418 interea
608 1356 688 1419 iuris
710 1357 761 1418 sui
794 1357 951 1419 iacturam
982 1357 1186 1422 adsertorem
1207 1377 1260 1421 nou

139 1444 258 1524 facere,
281 1444 358 1527 quin
382 1441 481 1505 ducat
501 1440 647 1525 puellam
669 1441 914 1527 sistendamque
935 1442 969 1504 in
991 1443 1171 1508 adventum
1192 1446 1258 1522 eius,

106 1529 195 1613 tqui
219 1540 316 1613 pater
337 1527 473 1603 dicatur,
496 1528 675 1612 promittat.
699 1528 857 1591 adversus
879 1528 1029 1592 iniuriam
1052 1529 1260 1595 decreticum

141 1611 234 1677 multi
271 1614 375 1695 magis
411 1613 597 1693 fremerent,
636 1634 732 1697 quam
779 1615 952 1699 quisquam
996 1638 1083 1679 unus
1121 1634 1258 1681 recusare

142 1698 288 1781 auderet,
322 1698 358 1762 P.
387 1698 599 1778 Numitorius,
636 1697 766 1784 puellae
797 1721 889 1780 avus,
924 1710 958 1764 et
989 1723 1134 1787 sponsus
1165 1700 1260 1765 Icilius

104 1787 373 1867 tinterveniunt3
397 1786 539 1872 dataque
560 1787 645 1848 inter
666 1784 796 1848 turbam
819 1786 883 1866 via,
906 1808 981 1848 cum
1001 1786 1177 1852 multitudo
1191 1783 1259 1850 Icilii

141 1872 281 1935 maxime
304 1873 489 1935 interventu
511 1872 616 1934 resisti
638 1892 736 1954 posse
758 1873 869 1955 Appio
902 1872 1061 1952 crederet,
1094 1872 1189 1938 lictor
1215 1871 1259 1935 de

106 1971 121 2018 o
141 1979 249 2022 cresse
264 1958 309 2020 ait
317 1957 616 2042 vociferantemque
624 1954 753 2020 Icilium
764 1956 947 2022 submovet.
962 1956 1132 2044 placidum
1143 1977 1258 2046 quoque

140 2044 305 2126 ingenium
336 2053 403 2106 tam
438 2054 532 2106 atrox
568 2044 684 2105 iniuria
714 2043 926 2107 accendisset.
967 2045 1074 2126 „ferro
1105 2044 1183 2110 hinc
1209 2041 1257 2108 tibi

140 2129 383 2192 submovendus
411 2152 493 2209 sum,
516 2127 636 2213 Appi,“
669 2130 782 2214 inquit,
816 2138 873 2210 ,ut
894 2131 1029 2193 tacitum
1057 2130 1155 2212 feras,
1186 2125 1259 2217 quod

141 2213 240 2279 celari
273 2217 333 2279 vis.
378 2216 537 2298 virginem
569 2237 629 2298 ego
661 2214 744 2278 hanc
776 2237 847 2277 sum
885 2215 1041 2279 ducturus
1073 2227 1258 2301 nuptamque

105 2303 295 2450 tpudicam
333 2300 514 2365 habiturus.
559 2302 697 2385 proinde
739 2322 852 2365 omnes
896 2300 1107 2385 conlegarum
1145 2320 1279 2390 quoque.

152 2389 270 2452 ictores
309 2409 468 2469 convoca3
506 2388 657 2472 expediri
694 2387 803 2470 virgas
841 2395 875 2451 et
911 2409 1043 2452 secures
1080 2387 1175 2471 iube3
1208 2406 1259 2451 non

86 2484 120 2533 -8
140 2474 286 2538 manebit
308 2484 402 2537 extra
425 2475 557 2538 domum
580 2473 681 2558 patris
704 2494 826 2557 sponsa
848 2471 939 2536 Icilii.
975 2495 1050 2550 nou,
1089 2476 1118 2538 si
1140 2472 1259 2539 tribuni·

141 2560 225 2624 cium
250 2560 406 2624 auxilium
431 2570 464 2624 et
485 2560 751 2644 provocationem
774 2557 864 2643 plebi
879 2558 1057 2640 Romanae,
1082 2560 1164 2624 duas
1179 2577 1258 2622 arces

139 2645 298 2709 libertatis
321 2647 471 2726 tuendae,
495 2645 670 2726 ademistis,
694 2645 767 2707 ideo
791 2646 822 2707 in
845 2643 966 2709 liberos
991 2647 1123 2731 quoque
1145 2656 1259 2710 nostros

104 2733 359 2819 econiugesque
381 2754 517 2814 regnum
539 2739 668 2795 vestrae
690 2729 816 2793 libidini
845 2731 1040 2795 detumeat.
1080 2734 1202 2797 saevite
1234 2731 1259 2792 in

140 2830 268 2901 tergum
291 2818 377 2882 etin
402 2818 548 2881 cervices
571 2827 711 2891 nostras;
749 2816 906 2901 pudicitia
928 2815 1044 2880 saltem
1067 2819 1100 2881 in
1123 2828 1193 2883 tuto
1218 2815 1260 2880 sit.

141 2903 216 2967 huic
239 2905 266 2967 si
287 2905 338 2968 vis
354 2903 530 2980 adferetur,
554 2924 614 2986 ego
629 2905 850 2989 praesentium
867 2900 1043 2981 Quiritium
1061 2926 1123 2989 pro
1145 2922 1261 2990 sponsa,

140 2989 316 3074 Verginius
340 2988 476 3053 militum
501 3011 560 3072 pro
584 2992 681 3053 unica
702 2987 778 3068 filia,
803 3010 916 3053 omnes
940 2989 1076 3053 deorum
1092 2990 1260 3054 hominum·

142 3099 205 3164 que
227 3074 474 3161 implorabimus
496 3074 605 3156 fidem,
629 3097 736 3160 neque
758 3084 794 3137 tu
816 3074 902 3138 istud
925 3097 1082 3160 umquam
1107 3076 1262 3140 decretum

91 3176 123 3223 10
142 3164 210 3227 sinc
234 3163 334 3226 caede
358 3171 469 3227 nostra
491 3161 621 3225 referes.
644 3159 786 3246 postulo,
811 3162 907 3245 Appi,
931 3161 1029 3224 etiam
1052 3170 1153 3248 atque
1174 3162 1259 3226 etiam

89 3265 120 3311 11
143 3249 339 3327 consideres,
364 3270 428 3332 quo
452 3248 672 3332 progrediere.
707 3246 882 3329 Verginius
904 3247 1025 3310 viderit
1048 3246 1090 3310 de
1112 3247 1189 3330 filis,
1212 3244 1260 3310 ubi

140 3336 276 3415 venerit,
300 3334 376 3420 quid
402 3345 489 3417 agat3
514 3333 577 3396 hoc
599 3343 725 3396 tantum
748 3333 839 3409 sciat,
863 3332 933 3413 sibi,
957 3333 985 3396 si
1007 3331 1105 3397 huius
1121 3332 1261 3398 vindiciis

140 3421 283 3499 cesserit,
300 3420 526 3484 condicionem
542 3419 627 3483 filiae
644 3419 862 3504 quaerendam
881 3440 963 3483 esse.
980 3440 1032 3481 me
1048 3420 1262 3484 vindicantem

140 3529 294 3593 sponsam
318 3507 350 3569 in
374 3505 558 3570 libertatem
581 3507 650 3569 vita
672 3505 766 3568 citius
791 3505 920 3568 deseret
943 3526 1041 3589 quam
1062 3503 1176 3571 fides.“

106 3609 119 3656 1
242 3591 363 3655 XLVI.
388 3590 555 3656 Concitata
583 3591 755 3654 multitudo
788 3600 858 3668 erut
888 3604 1121 3677 certamenque
1152 3594 1264 3656 instare

139 3678 321 3743 videbatur.
345 3677 476 3741 lictores
501 3678 625 3740 Icilium
649 3679 941 3755 circumsteteraut;
973 3698 1036 3740 nec
1058 3677 1146 3741 ultra
1168 3679 1263 3741 minas

105 3775 248 3830 atamen
271 3786 459 3850 processum
484 3773 541 3845 est,
574 3786 648 3827 cum
672 3763 800 3848 Appius
834 3784 898 3825 non
921 3761 1110 3844 Verginiam
1142 3756 1264 3829 defendi

128 3851 172 3915 ab
194 3848 301 3934 Icilio,
327 3850 386 3918 scd
412 3850 595 3940 inquietum
616 3849 784 3915 bominem
803 3857 838 3913 et
857 3847 1057 3912 tribunatum
1074 3851 1173 3914 etiam
1186 3865 1264 3913 nunc
