2738 4146
362 117 471 169 urens
488 118 536 169 ιιι
556 117 632 170 car.
650 120 693 170 ιι.
711 121 753 170 n.
774 116 807 186 [a.
826 118 859 169 u.
877 135 900 169 s.
919 118 989 180 acar.
1205 105 1267 164 219

87 291 202 356 derant
223 288 484 353 decemvirorum
506 289 677 375 permissu,
700 296 874 376 postquam
898 286 1021 352 nullum
1045 287 1218 373 spoliatum

88 377 132 442 ibi
154 398 273 463 corpus
296 373 503 460 Sicciumque
524 375 558 437 in
579 373 688 438 medio
711 375 871 438 iacentem
895 383 1052 439 armatum
1069 374 1217 440 omnibus

88 464 120 527 in
151 483 226 527 eum
256 462 362 526 versis
394 459 587 544 corporibus
619 460 741 541 videre,
779 461 920 524 hostium
958 481 1066 545 neque
1097 482 1217 546 corpus

89 547 187 612 ullum
210 568 271 611 nec
292 545 432 629 vestigia
453 545 652 625 abeuntium,
684 545 832 631 profecto
856 545 897 610 ab
922 546 989 610 suis
1010 547 1217 611 interfectum

88 640 305 699 memorantes
328 631 484 696 rettulere
507 653 636 716 corpus.
659 631 866 718 invidiaeque
881 630 980 716 plena
996 642 1102 695 castra
1117 643 1217 713 erant,
1237 645 1251 692 ι

89 729 121 784 et
148 719 287 782 Romam
316 714 395 782 ferri
425 717 572 802 protinus
604 717 747 783 Siccium
779 716 940 802 placebat,
971 718 1006 781 ni
1040 717 1218 783 decemviri

88 805 181 869 funus
203 802 343 867 militare
359 804 390 868 ei
403 802 537 890 publica
551 805 689 890 inpensa
703 803 811 868 facere
828 814 1054 869 maturassent.
1070 802 1217 889 sepultus

89 891 209 1040 ifngenti
232 888 373 953 militnm
394 890 566 971 maestitia,
589 889 732 974 pessima
755 889 1013 954 decemvirorum
1033 889 1070 953 in
1098 889 1217 975 vulgus

104 997 176 1040 ama
199 982 258 1038 est.

188 1058 311 1125 XLIV.
327 1057 481 1146 Sequitur
495 1056 583 1122 aliud
606 1058 640 1122 in
660 1057 743 1122 urbe
765 1059 857 1123 nefas
879 1058 920 1123 ab
944 1057 1077 1125 libidine
1101 1070 1216 1144 ortum,
1238 1077 1251 1122 1

88 1145 175 1212 haud
198 1146 304 1211 minus
326 1144 423 1210 foedo
447 1154 575 1218 eventu,
599 1165 696 1231 quam
719 1145 808 1230 quod
829 1167 888 1228 per
902 1145 1027 1211 facinus
1049 1148 1082 1211 in
1098 1147 1217 1211 Lucre·

89 1232 163 1296 tiam
181 1233 389 1297 commissum
404 1229 485 1295 urbe
500 1252 667 1317 regnoque
682 1229 877 1316 Tarquinios
900 1230 1079 1317 expulerat,
1101 1243 1217 1298 utnon

89 1317 158 1382 finis
181 1316 288 1382 solum
310 1316 400 1381 idem
422 1316 626 1398 decemviris,
659 1316 715 1401 qui
737 1315 880 1397 regibus,
913 1318 971 1382 sed
1000 1339 1098 1382 causa
1121 1320 1217 1384 etiam

91 1404 204 1468 eadem
246 1403 376 1488 imperii
420 1401 588 1466 amittendi
631 1412 726 1465 esset.
770 1399 835 1486 Ap.
874 1400 1048 1466 Claudium
1083 1405 1255 1489 virginisa

67 1520 69 1525 ·
90 1489 238 1575 plebeiae
260 1488 361 1552 libido
386 1488 484 1573 cepit.
507 1495 601 1572 pater
622 1485 765 1570 virginis,
788 1487 827 1549 L.
844 1487 1028 1571 Verginius,
1044 1488 1218 1555 honestum

92 1575 236 1639 ordinem
257 1575 289 1637 in
305 1572 425 1657 Algido
448 1572 599 1654 ducebat,
622 1572 673 1637 vir
688 1572 830 1673 exempli
856 1576 937 1637 recti
960 1575 1048 1637 domi
1070 1574 1216 1641 militiae·

113 1683 161 1726 ue.
200 1659 341 1746 perinde
363 1681 448 1723 uxor
469 1658 615 1723 instituta
636 1657 743 1722 fuerat
773 1657 932 1745 liberique
954 1660 1216 1726 instituebantur.

93 1683 310 1832 desponderat
339 1743 440 1809 filiam
470 1743 509 1808 L.
544 1742 637 1808 lcilio
669 1743 853 1825 tribunicio,
890 1744 961 1807 viro
993 1747 1061 1809 acri
1093 1756 1126 1811 et
1155 1766 1252 1833 pros

93 1853 186 1897 causa
222 1829 330 1917 plebis
367 1839 522 1914 expertae
557 1829 696 1893 virtutis.
741 1828 827 1892 hane
864 1831 1023 1914 virginem
1059 1830 1252 1915 adultam,4

92 1917 193 1982 forma
215 1914 431 1981 excellentem
453 1915 582 2002 Appius
605 1936 715 1980 amore
738 1936 850 1979 amens
873 1917 977 1999 pretio
1000 1939 1038 1980 ac
1061 1939 1119 2002 spe
1141 1941 1215 2004 per·

93 2001 189 2067 licere
211 2003 356 2084 adortus,
379 2010 552 2087 postquam
575 2001 683 2065 omnia
706 2001 832 2085 pudore
848 2011 961 2085 saepta
976 2004 1215 2082 animadvertit,

94 2089 132 2152 sd
147 2086 315 2152 crudelem
331 2085 571 2173 superbamque
587 2087 652 2150 vim
669 2087 810 2150 animum
826 2089 995 2152 convertit.
1015 2088 1060 2152 Μ.
1078 2088 1215 2155 Claudio
1234 2106 1250 2153 5

96 2173 201 2239 clienti
222 2174 390 2254 negotium
412 2172 512 2252 dedit,
535 2181 572 2237 ut
592 2173 753 2255 virginem
775 2173 807 2234 in
831 2176 1020 2237 servitutem
1047 2175 1216 2240 adsereret

93 2281 196 2348 neque
218 2258 352 2323 eederet
374 2257 552 2322 secundum
575 2257 757 2323 libertatem
784 2258 1024 2342 postulantibus
1045 2261 1214 2342 vindicias,

52 2368 55 2375 ·
96 2344 177 2430 quod
214 2355 311 2430 pater
346 2342 474 2429 puellae
512 2343 651 2422 abesset,
689 2343 796 2407 locum
833 2344 970 2407 iniuriae
1007 2367 1079 2408 esse
1115 2359 1214 2411 ratus.

95 2430 205 2516 virgini
227 2431 372 2495 venienti
393 2431 426 2492 in
447 2428 553 2494 forum
576 2465 620 2477 --
641 2428 686 2493 ibi
716 2451 858 2514 namque
889 2431 922 2492 in
955 2429 1099 2494 tabernis
1131 2430 1251 2498 litte-c

95 2537 198 2581 rarum
228 2513 298 2580 ludi
328 2524 421 2580 erant
449 2551 492 2561 -
521 2515 668 2578 minister
700 2514 876 2578 decemviri
907 2512 1050 2578 libidinis
1083 2538 1215 2579 manum

94 2600 198 2667 iniecit
220 2622 317 2666 serva
339 2624 398 2665 sua
412 2609 520 2664 natam
536 2621 730 2686 servamque
746 2599 929 2684 appellans3
954 2603 1046 2686 sequi
1060 2601 1212 2666 iubebat:

96 2695 295 2752 cunctantem
326 2687 360 2750 vi
390 2685 640 2751 abstracturum.
687 2687 805 2770 pavida
837 2684 947 2772 puella
984 2698 1135 2771 stupente
1172 2688 1250 2755 adr

95 2770 266 2837 clamorem
288 2773 423 2836 nutricis
444 2771 542 2835 fidem
560 2771 733 2852 Quiritium
747 2770 948 2854 implorantis
972 2771 1010 2835 fit
1025 2795 1212 2839 concursus.

94 2855 237 2944 Verginii
258 2859 360 2941 patris
381 2857 558 2944 sponsique
581 2857 662 2920 Icilii
688 2856 847 2942 populare
878 2879 996 2921 nomen
1020 2858 1213 2926 celebratur.

93 2953 183 3008 notos
205 2944 311 3028 gratia
332 2965 455 3025 eorum,
484 2942 613 3007 turbam
645 2943 818 3026 indignitas
840 2945 888 3006 rei
911 2944 1027 3027 virgini
1051 2946 1213 3009 conciliat.

93 3026 152 3092 iam
174 3051 195 3094 a
216 3028 251 3094 vi
272 3037 342 3093 tuta
364 3037 441 3109 erat,
465 3050 539 3093 cum
561 3029 708 3092 adsertor
723 3027 802 3090 nihil
823 3051 904 3114 opus
921 3052 992 3094 esse
1008 3030 1214 3094 multitudine
1233 3046 1249 3094 8

94 3115 250 3179 concitata
272 3115 330 3194 ait3
353 3136 388 3179 se
410 3115 480 3178 iure
504 3115 653 3197 grassari,
677 3136 741 3177 non
763 3116 805 3177 vi.
828 3125 925 3178 vocat
946 3114 1088 3199 puellam
1104 3118 1137 3179 in
1153 3118 1212 3181 ius.

92 3199 274 3265 auctoribus
297 3200 345 3281 iis,
369 3201 426 3285 qui
448 3199 592 3278 aderant,
615 3209 652 3263 ut
674 3209 873 3284 sequeretur,
897 3202 939 3264 ad
955 3200 1096 3264 tribunal
1112 3204 1213 3288 Appii
1235 3219 1250 3265 9

92 3295 283 3383 perventum
306 3293 364 3350 est.
398 3295 507 3349 notam
528 3285 628 3347 iudici
649 3284 792 3348 fabulam
817 3287 945 3369 petitor,
979 3286 1102 3372 quippe
1125 3290 1212 3373 apud
1241 3351 1243 3354 Α

91 3390 193 3455 ipsum
227 3378 392 3435 auctorem
424 3372 615 3454 argumenti,
651 3372 792 3454 peragit3
829 3370 970 3454 puellam
1011 3373 1098 3435 domi
1134 3395 1212 3438 suae

90 3467 195 3521 natam
216 3457 368 3543 furtoque
390 3457 466 3520 inde
487 3457 520 3519 in
544 3456 675 3519 domum
698 3454 843 3538 Verginii
872 3456 1061 3520 translatam
1093 3481 1211 3544 suppo-

90 3542 177 3608 sitam
215 3543 245 3606 ei
279 3563 367 3623 esse3
404 3542 436 3604 id
461 3564 496 3604 se
517 3541 637 3604 indicio
662 3552 863 3626 compertum
897 3543 1025 3607 adferre
1057 3543 1266 3628 probatu-10

89 3648 224 3729 rumque
256 3625 311 3691 rel
341 3628 413 3712 ipso
447 3626 600 3710 Verginio
631 3626 749 3709 iudice,
787 3628 828 3690 ad
868 3650 963 3712 quem
1000 3630 1103 3693 maior
1158 3652 1211 3694 ars
1328 3656 1331 3661 ·

88 3711 224 3780 iniunae
258 3714 327 3776 eius
359 3713 536 3797 pertineat;
572 3712 699 3775 interim
735 3713 901 3777 dominum
939 3715 1031 3799 sequi
1063 3653 1212 3779 ancillam

87 3819 223 3889 aequum
248 3819 330 3862 esse.
354 3797 504 3862 advocati
526 3797 664 3880 puellae,
689 3820 762 3862 cum
782 3799 968 3882 Verginium
990 3802 1040 3864 rei
1060 3801 1270 3886 publicae‘m
1346 3836 1349 3843 ·
