2738 4146
109 131 128 185 8
395 140 505 190 LIBER
521 141 543 191 Ι.
580 138 655 190 ΟΑΡ.
673 141 698 190 7.
716 141 741 190 8.
760 137 793 206 [a.
812 138 846 188 U.
864 154 887 189 o.
907 136 998 204 1-37]

160 310 350 397 ampliorem
374 311 658 395 augustioremque
681 310 821 374 humana
843 310 970 373 intuens
992 311 1122 392 rogitat,
1156 311 1211 396 qui
1232 313 1283 376 vir

107 417 140 465 10
161 407 256 462 esset.
280 397 337 460 ubi
359 419 476 460 nomen
493 405 686 482 patremque
709 418 747 459 ac
763 397 900 480 patriam
916 397 1051 477 accepit,
1078 394 1177 478 „Iove
1194 409 1281 476 nate,

159 483 329 565 Hercules,
353 482 460 546 salve“
487 484 603 567 inquit;
638 491 690 564 „te
712 481 790 544 mihi
817 490 929 562 mater,
952 481 1099 544 veridica
1121 483 1280 568 interpres
1332 491 1334 495 '

159 569 265 647 deum,
290 580 458 632 aucturum
484 567 670 632 caelestium
693 589 863 630 numerum
887 569 1010 649 cecinit,
1043 566 1168 652 tibique
1192 591 1282 633 aram

159 654 211 717 hic
235 655 375 718 dicatum
408 656 455 736 iri,
489 676 586 739 quam
618 652 863 737 opulentissima
895 654 971 716 olim
1006 654 1037 714 in
1073 654 1168 716 terris
1202 677 1282 737 gens

106 760 137 808 11
158 742 332 803 maximam
354 750 451 805 vocet
471 748 594 826 tuoque
625 741 690 803 ritu
723 737 837 802 00111.ιι
871 739 987 802 dextra
1009 738 1172 802 Hercules
1202 742 1278 805 data

158 828 305 912 accipere
328 848 363 890 se
381 847 477 890 omen
499 823 763 911 inpleturumque
785 824 852 888 fata
874 847 931 887 ara
954 826 1084 887 condita
1107 847 1146 889 ao
1170 825 1278 890 dicata

107 933 139 980 12
157 914 211 975 ait.
234 912 280 975 ibi
303 922 370 975 tum
402 913 542 996 primum
567 910 650 976 bove
675 911 795 973 eximia
826 921 923 996 capta
955 911 995 974 de
1019 932 1118 993 grege
1151 934 1281 977 sacrum

157 998 293 1061 Herculi
316 997 469 1060 adhibitis
493 997 534 1060 ad
559 997 769 1060 ministerium
804 996 985 1081 dapemque
1009 996 1136 1060 Potitiis
1168 1020 1207 1062 ac
1228 999 1281 1062 Pi·

156 1084 264 1165 nariis,
282 1094 448 1168 quactum
470 1080 611 1146 familiae
626 1083 768 1146 maxime
783 1082 913 1145 inclitae
930 1104 969 1146 ea
990 1081 1064 1146 loca
1086 1080 1281 1168 incolebant,

105 1192 137 1239 13
156 1170 287 1233 factum⁴
311 1169 394 1232 forte
417 1172 464 1231 ita
486 1171 602 1247 evenit,
626 1179 661 1232 ut
676 1169 785 1231 Potitii
802 1168 844 1230 ad
860 1179 988 1253 tempus
1011 1179 1141 1253 praesto
1159 1180 1280 1253 essent,

155 1256 260 1340 iisque
284 1266 361 1318 exta
382 1255 633 1340 adponerentur,
666 1255 786 1317 Pinarii
818 1255 901 1317 extis
933 1255 1040 1318 adesis
1075 1255 1116 1317 ad
1140 1267 1280 1322 ceteram

155 1345 304 1406 venirent
335 1341 462 1425 dapem.
494 1341 570 1403 inde
601 1341 782 1403 institutum
816 1341 943 1421 mansit,
979 1341 1084 1404 donec
1115 1339 1280 1406 Pinarium

104 1450 138 1497 14
155 1450 257 1511 genus
280 1427 349 1508 fuit,
373 1449 413 1488 ne
437 1428 520 1490 extis
545 1425 749 1490 sollemnium
772 1436 990 1491 vescerentur.
1015 1426 1125 1489 Potitii
1148 1428 1189 1490 ab
1212 1427 1279 1492 Eu·

155 1513 255 1577 andro
280 1513 390 1576 edocti
413 1513 570 1576 antistites
587 1513 669 1574 sacri
687 1513 754 1575 eius
778 1532 837 1596 per
852 1511 970 1575 multas
993 1522 1115 1576 aetates
1137 1512 1280 1597 fuerunt,

154 1600 259 1662 donec
291 1599 409 1661 tradito
446 1599 548 1662 servis
581 1596 720 1682 publicis
752 1597 898 1661 sollemni
926 1597 1067 1660 familiae
1099 1601 1279 1664 ministerio

153 1707 254 1768 genus
279 1706 373 1749 omne
396 1685 588 1747 Potitiorum
620 1685 751 1746 interiit.
784 1682 866 1747 haec
897 1692 965 1747 tum
1001 1706 1094 1747 sacra
1120 1684 1279 1750 Romulus

152 1791 218 1835 una
240 1793 281 1834 ex
305 1769 454 1833 omnibus
477 1771 649 1855 peregrina
671 1772 824 1854 suscepit,
849 1771 912 1836 iam
933 1778 1003 1832 tum
1025 1770 1277 1836 immortalitatis

152 1859 272 1920 virtute
295 1866 417 1940 partae,
441 1856 484 1918 ad
507 1877 604 1941 quam
627 1877 699 1918 eum
724 1877 782 1918 sua
804 1856 870 1918 fata
893 1854 1066 1935 ducebant,
1089 1856 1206 1922 fautor.

118 1967 132 2013 1
253 1941 345 2004 VllI.
361 1941 472 2004 Rebus
496 1942 612 2004 divinis
634 1943 696 2004 rite
718 1942 913 2026 perpetratis
934 1949 1116 2025 vocataque
1140 1943 1183 2006 ad
1207 1965 1281 2008 con-

153 2024 262 2090 cilium
285 2025 499 2108 multitudine,
532 2048 616 2112 quae
644 2026 826 2090 coalescere
849 2029 881 2090 in
904 2027 1016 2114 populi
1038 2031 1136 2091 unius
1161 2052 1281 2115 corpus

120 2111 241 2186 2nulla
263 2136 300 2176 re
322 2124 550 2198 praeterquam
573 2111 700 2195 legibus
723 2121 861 2199 poterat,
893 2115 964 2177 iura
988 2113 1088 2177 dedit.
1127 2136 1211 2199 quae
1236 2118 1282 2179 ita

154 2209 265 2262 sancta
287 2201 398 2283 generi
421 2197 588 2263 hominum
612 2201 730 2281 agresti
754 2199 823 2263 fore
846 2209 943 2276 ratus,
973 2201 1000 2263 si
1024 2222 1059 2263 se
1082 2201 1153 2284 ipse
1182 2224 1279 2266 vene-

153 2284 289 2348 rabilem
312 2285 491 2368 insignibus
524 2285 650 2369 imperii
681 2284 822 2367 fecisset,
856 2307 929 2348 oum
962 2294 1069 2350 cetero
1104 2285 1219 2350 habitu
1242 2310 1279 2351 se

119 2383 134 2430 3
154 2372 382 2453 augustiorem,
405 2380 474 2434 tum
491 2373 631 2434 maxime
646 2369 815 2435 lictoribus
832 2371 1005 2435 duodecim
1029 2374 1165 2456 sumptis
1189 2373 1276 2436 fecit.

153 2456 207 2520 alii
229 2456 271 2519 ab
294 2478 431 2521 numero
458 2458 577 2538 avium,
611 2479 694 2542 quae
717 2458 851 2540 augurio
874 2479 1011 2541 regnum
1032 2459 1277 2543 portenderant,

134 2565 226 2618 ,eum
250 2554 397 2606 secutum
428 2565 598 2607 numerum
630 2552 760 2628 putant;
791 2566 843 2607 me
876 2543 962 2607 haud
996 2546 1141 2627 paenitet
1165 2566 1279 2608 eorum

151 2630 330 2693 sententiae
353 2651 433 2708 esse,
458 2629 576 2712 quibus
600 2638 633 2693 et
659 2630 862 2713 apparitores
884 2628 948 2692 hoo
979 2651 1081 2713 genus
1113 2630 1154 2693 ab
1178 2630 1278 2695 Etru-

152 2716 214 2778 scis
230 2713 382 2795 finitimis,
406 2715 492 2778 unde
508 2713 588 2777 sella
607 2714 736 2795 curulis,
758 2716 846 2779 unde
860 2725 937 2799 toga
952 2724 1125 2801 praetexta
1147 2729 1277 2801 sumpta

152 2809 211 2879 est,
258 2809 291 2863 et
320 2816 501 2862 numerum
520 2821 650 2884 quoque
685 2801 791 2884 ipsum
832 2801 963 2865 ductum
1004 2801 1119 2884 placet,
1162 2811 1195 2866 et
1232 2807 1277 2867 ita

152 2886 304 2949 habuisse
327 2885 494 2962 Etruscos,
526 2887 612 2969 quod
637 2907 679 2948 ex
701 2885 873 2949 duodecim
906 2886 1036 2972 populis
1060 2891 1276 2954 communiter

152 2982 261 3036 creato
285 2992 363 3054 rege
387 2970 531 3053 singulos
555 2969 671 3055 singuli
695 2971 806 3056 populi
828 2971 959 3036 lictores
984 2973 1142 3036 dederint.

116 3072 133 3119 4
253 3056 431 3122 Crescebat
460 3058 589 3119 interim
620 3056 697 3120 urbs
725 3058 956 3122 munitionibus
990 3058 1054 3121 alia
1085 3068 1183 3144 atque
1217 3058 1282 3123 alia

49 3171 56 3184 ,
154 3143 337 3227 adpetendo
361 3141 441 3223 loca,
475 3165 546 3206 cum
581 3145 612 3204 in
644 3165 735 3228 spem
765 3146 867 3226 magis
899 3145 1027 3208 futurae
1059 3144 1280 3209 multitudinis

120 3246 134 3292 5
154 3251 251 3315 quam
273 3228 316 3294 ad
339 3230 382 3305 id,
408 3229 494 3313 quod
518 3238 587 3291 tum
602 3228 769 3293 hominurn
793 3241 871 3310 erat,
895 3234 1065 3294 munirent.
1082 3231 1213 3310 deinde,
1238 3254 1280 3296 ne

152 3337 237 3381 vana
259 3314 349 3378 urbis
372 3315 561 3398 magnitudo
588 3325 683 3398 esset,
712 3313 904 3380 alliciendas
936 3315 1151 3381 multitudinis
1177 3340 1277 3382 causa

152 3412 263 3465 vetere
301 3399 437 3465 oonsilio
477 3401 682 3465 condentium
720 3401 829 3480 urbes,
873 3403 928 3487 qui
966 3402 1137 3466 obscuram
1177 3415 1277 3490 atque

151 3485 307 3550 humilem
331 3487 510 3551 conciendo
535 3486 576 3548 ad
599 3509 634 3550 se
657 3485 896 3551 multitudinem
921 3497 1030 3550 natam
1055 3512 1072 3552 e
1100 3501 1190 3553 terra
1215 3489 1278 3554 sibi

151 3572 276 3657 prolem
300 3573 568 3653 ementiebantur,
591 3571 708 3653 locum,
734 3575 787 3657 qui
811 3595 897 3636 nune
919 3585 1051 3658 saeptus
1076 3575 1277 3640 descenden-

118 3658 236 3724 ttibus
260 3661 344 3721 inter
368 3659 448 3722 duos
471 3657 644 3740 luccs‘est,
673 3658 799 3742 asylum
832 3661 946 3744 aperit.
981 3681 1018 3723 eo
1053 3682 1094 3725 ex
1127 3661 1276 3727 finitimis

150 3743 281 3830 populis
305 3743 402 3808 turba
425 3746 528 3808 omnis
552 3744 620 3807 sine
644 3744 836 3828 discrimine,
868 3744 951 3810 liber
973 3768 1013 3809 an
1038 3768 1152 3811 servus
1178 3760 1278 3833 esset,

141 3831 243 3915 arsida
265 3852 426 3894 novarum
449 3853 558 3895 rerum
582 3831 734 3916 perfugit,
766 3832 865 3918 idque
888 3834 1027 3917 primum
1061 3833 1103 3896 ad
1127 3846 1279 3919 coeptam
