2738 4146
87 131 150 189 180
347 144 456 194 annua
472 144 557 194 xxn.
577 143 653 195 cnr.
671 148 713 197 aa.
732 146 774 195 aa.
793 141 827 211 [a.
845 143 878 194 11.
897 160 919 194 e.
937 143 1006 212 sau.

138 315 397 400 immodesteque
428 337 493 378 non
516 314 701 379 Hannibale
733 317 836 399 magis
867 317 953 380 victo
982 315 1024 380 ab
1052 339 1088 381 se
1110 337 1210 400 quam
1231 316 1269 396 Q.

99 415 114 463 3
138 400 243 464 Fabio
275 401 420 486 gloriari:
452 400 543 464 illum
574 402 606 464 in
639 400 737 465 rebus
773 403 898 487 asperis
928 402 1060 466 unicum
1088 403 1207 468 ducem
1234 426 1272 468 ac

139 509 253 572 parem
290 489 471 573 quaesitum
508 486 695 556 Hannibali.
735 488 892 552 maiorem
922 488 1049 561 minori,
1081 488 1270 555 dictatorem

139 575 295 656 magistro
328 575 484 658 equitum,
518 573 607 657 quod
638 571 727 637 nulla
759 575 917 638 memoria
947 573 1068 638 habeat
1096 575 1270 658 annalium,

139 660 228 722 iussu
260 659 374 745 populi
406 668 582 744 aequatum
613 659 647 721 in
674 659 789 723 eadem
814 660 956 741 civitate,
979 661 1012 723 in
1035 682 1102 744 qua
1124 663 1272 746 magistri

141 746 286 829 equitum
308 747 419 829 virgas
442 765 636 809 assecures
660 745 826 809 dictatoris
848 755 990 810 tremere
1013 757 1114 832 atque
1137 748 1272 814 horrere

100 831 227 896 tsoliti
259 833 337 897 sint:
370 840 497 895 tantum
528 853 620 895 suam
647 830 834 896 felicitatem
863 833 1083 915 virtutemque
1107 834 1270 900 enituisse.

140 940 218 1001 ergo
242 927 430 982 secuturum
454 939 489 980 se
511 916 674 980 fortunam
699 939 800 996 suam,
818 918 845 979 si
862 917 1000 982 dictator
1017 919 1049 980 in
1067 921 1274 987 cunctatione

139 1025 178 1068 ac
206 1005 343 1088 segnitie
366 1003 502 1067 deorum
522 1002 757 1088 hominumque
779 1003 898 1067 iudicio
923 1004 1076 1067 damnata
1098 1017 1270 1088 perstaret.

138 1091 248 1175 itaque
287 1111 352 1174 quo
391 1088 444 1151 die
477 1089 617 1174 primum
653 1110 847 1173 congressus
885 1099 935 1154 est
970 1112 1044 1154 cum
1083 1089 1124 1170 Q.
1157 1092 1274 1177 Fabio,

97 1190 113 1237 5
138 1175 347 1240 statuendum
383 1175 526 1238 omnium
562 1176 703 1259 primum
740 1176 785 1238 ait
816 1197 898 1259 esse,
930 1197 1028 1260 quem
1060 1177 1103 1240 ad
1135 1180 1272 1244 modum

97 1262 276 1348 simperio
309 1270 449 1346 aequato
481 1269 627 1324 utantur:
659 1283 694 1330 se
726 1261 885 1342 optimum
917 1261 1037 1326 ducere
1070 1272 1127 1326 aut
1155 1264 1273 1329 diebus

137 1349 278 1431 alternis,
310 1358 375 1430 aut,
408 1347 434 1410 si
465 1347 590 1410 maiora
620 1345 792 1410 intervalla
827 1346 1001 1430 placerent,
1034 1349 1162 1431 partitis
1189 1359 1271 1415 tem-

96 1451 111 1498 7
136 1433 270 1519 poribus
294 1432 426 1498 alterius
450 1455 612 1497 summum
633 1433 683 1496 ius
705 1433 944 1518 imperiumque
961 1455 1043 1516 esse,
1061 1444 1096 1498 ut
1111 1456 1172 1519 par
1187 1437 1273 1501 hosti

135 1540 201 1583 non
233 1518 339 1584 solum
372 1518 506 1582 consilio
535 1518 594 1582 sed
617 1519 741 1583 viribus
764 1519 861 1582 etiam
885 1528 980 1602 esset,
1005 1519 1154 1602 siquam
1179 1545 1271 1588 occa·

135 1607 260 1670 sionem
290 1607 338 1671 rei
371 1604 534 1688 gerendae
560 1603 738 1668 habuisset.
768 1603 807 1683 Q.
831 1604 934 1668 Fabio
958 1604 1215 1692 haudquaquam
1238 1610 1272 1673 id

95 1709 111 1758 8
136 1691 282 1778 placere:
298 1693 407 1756 omnia
420 1713 492 1756 eam
503 1690 666 1755 fortunam
676 1690 836 1773 habitura,
848 1712 1089 1777 quamcumque
1101 1695 1274 1760 temeritas

135 1777 292 1861 conlegae
314 1777 493 1841 habuisset.
510 1774 571 1839 sibi
588 1777 861 1840 communicatum
877 1776 1038 1860 eumalio,
1054 1798 1120 1841 non
1136 1780 1272 1867 ademp-

95 1872 204 1927 9tum
235 1864 408 1948 imperium
439 1884 525 1926 esse:
557 1865 667 2009 itaque
701 1884 736 1925 se
767 1882 945 1947 numquam
971 1862 1137 1929 volentem
1166 1879 1274 1952 parte,

136 1971 201 2034 qua
231 1958 353 2034 posset,
384 1971 493 2012 rerum
525 1948 657 2011 consiio
689 1948 907 2030 gerendarum
938 1970 1107 2014 cessurum
1139 1972 1202 2017 nec
1235 1975 1272 2018 se

134 2045 284 2119 tempora
306 2043 362 2097 aut
385 2034 454 2097 dies
475 2033 604 2116 imperii
628 2055 701 2096 cum
725 2054 774 2115 eo,
791 2034 972 2098 exercitum
989 2034 1171 2101 divisurum
1188 2041 1272 2104 suis·

135 2142 199 2206 que
223 2118 373 2200 consiliis,
398 2119 552 2204 quoniam
574 2119 681 2182 omnia
703 2140 767 2182 non
789 2118 913 2196 liceret,
931 2141 1015 2205 quae
1031 2132 1145 2208 posset
1162 2146 1273 2190 serva·

134 2215 254 2271 turum.
276 2209 322 2269 ita
353 2204 501 2277 obtinuit,
523 2214 560 2268 ut
582 2203 736 2288 legiones,
760 2205 843 2269 sicut
865 2205 1054 2271 consulibus
1077 2229 1149 2274 mos
1173 2223 1274 2292 esset,

93 2294 219 2358 10inter
241 2315 276 2358 se
311 2291 502 2358 dividerent.
534 2293 639 2374 prima
667 2300 700 2355 et
734 2301 851 2376 quarta
881 2291 1034 2374 Minucio,
1063 2296 1211 2360 secunda
1240 2308 1276 2363 et

92 2380 231 2446 utentia
251 2377 356 2443 Fabio
380 2386 567 2443 evenerunt.
590 2377 668 2441 item
690 2377 817 2462 equites
839 2378 911 2462 pari
926 2400 1061 2443 numero
1077 2382 1273 2469 sociumque

135 2475 167 2530 et
181 2465 291 2530 Latini
304 2466 443 2529 nominis
459 2463 580 2527 auxilia
594 2462 782 2529 diviserunt.
798 2464 912 2528 castris
926 2485 1056 2550 quoque
1072 2488 1109 2531 se
1123 2470 1274 2555 separari

134 2552 291 2635 magister
313 2551 457 2636 equitum
476 2550 589 2613 voluit.

94 2658 105 2704 1
236 2636 397 2701 XXVIII.
421 2635 557 2720 Duplex
574 2634 651 2699 inde
665 2632 843 2697 Hannibali
859 2634 1013 2716 gaudium
1028 2634 1089 2700 fuit
1106 2675 1144 2687 ·-
1163 2661 1274 2725 neque

135 2724 220 2786 enim
252 2724 425 2808 quicquam
458 2744 581 2802 eorum,
613 2741 696 2805 quae
727 2719 816 2804 apud
846 2719 957 2784 hostes
984 2734 1171 2808 agerentur,
1196 2748 1273 2792 eum

133 2806 269 2872 fallebat
300 2818 333 2872 et
366 2807 511 2894 perfugis
543 2805 645 2870 multa
675 2804 894 2870 indicantibus
918 2815 951 2869 et
972 2828 1031 2890 per
1054 2830 1131 2874 suos
1156 2812 1272 2895 explo-

94 2903 109 2949 2
133 2903 260 2958 rantem
288 2915 341 2955 -:
365 2916 440 2957 narn
464 2903 496 2956 et
511 2891 648 2956 liberam
663 2890 797 2956 Minucii
811 2892 1027 2957 temeritatem
1042 2916 1078 2957 se
1094 2917 1153 2959 suo
1170 2898 1274 2964 modo

133 2989 339 3065 captaturum
371 2989 405 3044 et
430 2977 593 3043 sollertiae
621 2977 716 3042 Fabii
745 2978 913 3042 dimidium
936 2980 1053 3043 virium
1077 2980 1273 3051 decessisse.

93 3065 276 3131 3tumulus
309 3075 378 3130 erat
408 3066 493 3129 inter
526 3074 632 3128 castra
659 3063 793 3130 Minucii
817 3074 849 3129 et
870 3064 1064 3142 Poenorum.
1090 3089 1189 3152 quem
1213 3072 1273 3154 qui

134 3160 336 3239 occupasset,
361 3151 448 3215 haud
472 3150 570 3215 dubie
592 3150 786 3235 iniquiorem
810 3162 879 3215 erat
894 3151 980 3215 hosti
993 3150 1101 3217 locum
1112 3153 1271 3221 facturus.

92 3252 108 3298 4
133 3261 208 3303 eum
231 3260 296 3304 non
317 3248 385 3302 tam
408 3259 525 3322 capere
538 3237 607 3300 siue
622 3237 799 3301 certamine
814 3235 948 3301 volebat
964 3237 1140 3321 Hanniba-l,
1157 3262 1272 3326 quam·

133 3348 231 3410 quam
253 3325 286 3387 id
310 3345 430 3408 operae
453 3324 596 3408 pretium
620 3330 699 3404 erat,
724 3344 821 3470 quam
842 3343 971 3386 causam
990 3326 1175 3390 certaminis
1195 3349 1272 3394 cum

133 3411 287 3494 Minucia,
320 3431 417 3495 quem
449 3430 681 3493 procursurum
711 3429 731 3471 a
782 3407 1007 3473 obsistendum
1030 3412 1108 3475 satis
1133 3412 1272 3500 sciebat,

94 3514 109 3559 o
135 3496 337 3563 contrahere.
370 3516 449 3578 ager
480 3496 584 3560 omnis
615 3493 742 3559 medius
774 3501 844 3558 erat
873 3495 979 3578 prima
1007 3498 1118 3582 specie
1145 3499 1272 3566 inutilis

134 3584 323 3664 insidiatori,
341 3581 417 3666 quia
432 3602 496 3644 non
512 3581 610 3645 modo
628 3578 778 3645 silvestre
791 3580 963 3665 quicquam
980 3583 1039 3646 sed
1054 3604 1095 3647 ue
1111 3585 1271 3669 vepribus

93 3687 109 3732 o
135 3670 266 3755 quidem
290 3669 443 3733 vestitum
466 3665 618 3747 habebat,
641 3665 771 3750 reipsa
791 3675 886 3729 natus
908 3669 1056 3750 tegendis
1079 3671 1205 3736 insidiis
1228 3695 1270 3739 eo

133 3757 246 3839 magis,
281 3753 369 3840 quod
396 3755 429 3816 in
455 3753 545 3815 nuda
566 3751 652 3816 valle
674 3749 763 3814 nulla
784 3750 858 3815 talis
880 3752 969 3817 fraus
991 3755 1097 3818 timeri
1121 3769 1268 3842 poterat;

125 3850 162 3904 et
192 3851 290 3906 erant
318 3841 351 3904 in
388 3838 587 3903 anfractibus
619 3857 719 3901 cavae
752 3858 861 3923 rupes,
894 3849 929 3903 ut
960 3841 1121 3926 quaedam
1155 3867 1268 3912 earum
