2738 4146
379 148 489 198 11111
505 149 576 198 xxi.
597 148 671 198 111.
690 149 731 199 ao.
751 150 792 197 11.
810 145 846 216 [a.
865 149 897 198 u.
917 145 1028 214 11111
1227 134 1288 192 113

114 319 257 398 cognita:
272 330 527 404 praeoccupatos
536 321 597 382 iam
612 328 683 381 ante
694 319 735 381 ab
748 317 930 381 Hannibale
941 316 1108 382 Gallorum
1119 322 1240 383 animos
1284 346 1286 351 ’

114 422 199 482 1111,
236 404 294 466 sed
318 425 359 466 11
388 402 434 466 1111
457 404 588 489 quidem
617 406 678 489 ipsi
710 407 785 467 satis
808 407 916 468 mitem
949 414 1076 485 gentem
1108 403 1177 468 lore
1200 439 1240 449 -

115 489 196 553 adeo
211 488 335 551 ferocia
349 498 444 574 atque
466 489 621 552 indomita
642 492 770 570 ingenia
792 511 862 552 esse
879 524 930 570 -,
945 491 978 553 11
993 489 1130 552 subinde
1153 511 1241 569 auro,

115 577 205 638 cuius
230 574 416 637 avidissima
437 595 516 654 gens
539 583 594 645 est,
618 576 797 660 principum
823 575 918 637 animi
940 572 1176 638 concilientur,
1199 577 1240 637 ita
1262 591 1278 638 9

138 660 294 741 cragratis
311 657 486 743 Hispaniae
497 657 685 744 Galliaeque
700 657 828 745 populis
844 659 941 742 legati
955 659 1091 723 Romam
1106 659 1242 723 redeunt

114 683 203 809 laud
234 745 280 808 ita
301 743 401 808 multo
422 753 497 830 post
530 767 626 830 quam
656 745 803 808 consules
836 747 869 807 in
900 747 1083 830 provincias
1105 745 1240 829 profecti

116 837 215 893 erant.
240 831 401 893 civitatem
417 851 544 894 omnem
560 832 782 915 expectatione
806 829 882 892 belli
898 838 1037 893 erectam
1052 831 1243 893 invenerunt

115 918 192 979 satis
215 922 380 979 constante
402 914 488 978 fama
508 917 571 979 iam
594 915 754 979 Hiberum
776 914 901 979 Poenos
924 917 1085 978 transisse.

128 1068 131 1073 ‚
218 998 312 1060 XXI.
335 998 497 1063 Hannibal
520 999 661 1081 Sagunto
690 1009 782 1085 capto
807 998 1033 1081 Carthaginem
1064 1021 1180 1064 novam
1209 1001 1275 1063 inl

117 1084 255 1149 hiberna
285 1094 490 1149 concesserat
524 1084 633 1170 ibique
664 1086 789 1161 auditis,
828 1107 910 1170 quae
941 1085 1063 1148 Romae
1095 1106 1242 1171 quaeque

117 1169 312 1248 Carthagine
335 1180 407 1234 acta
429 1170 622 1256 decretaque
645 1171 759 1251 forent,
782 1192 882 1256 seque
904 1192 969 1235 non
993 1171 1110 1235 ducem
1137 1168 1240 1234 solum

118 1254 174 1320 sed
200 1257 296 1319 etiam
319 1278 450 1320 causam
473 1276 545 1320 esse
569 1255 655 1337 belli,
684 1257 808 1342 partitis
841 1255 1076 1341 divenditisque
1098 1255 1240 1340 reliquiis
1262 1266 1276 1312 2

114 1341 258 1427 praedae
278 1339 358 1404 nihil
379 1340 464 1405 ultra
486 1340 700 1405 differendum
714 1350 802 1405 ratus
827 1341 961 1426 Hispani
976 1342 1105 1424 generis
1126 1341 1242 1405 milites

116 1435 284 1491 convocat.
319 1427 436 1509 „credo
460 1448 519 1510 ego
551 1427 628 1491 vos“
652 1428 763 1512 inquit,
799 1429 906 1508 „socii
939 1436 971 1489 et
991 1429 1079 1511 ipsos
1110 1441 1277 1491 cerneres

115 1515 238 1598 pacatis
261 1511 409 1577 omnibus
429 1511 604 1598 Hispaniae
626 1511 753 1598 populis
776 1520 831 1575 aut
851 1511 1025 1577 finiendam
1047 1509 1140 1576 nobis
1162 1510 1241 1575 mili·
1279 1551 1280 1555 =

115 1600 192 1662 tiam
216 1599 441 1683 exercitusque
464 1597 669 1661 dimittendos
693 1618 764 1661 esse
787 1599 896 1661 autin
918 1596 996 1660 alias
1017 1606 1119 1661 terras
1141 1605 1242 1661 trans-

85 1682 286 1759 [ferendum
308 1681 444 1746 bellum:
468 1685 512 1746 ita
534 1686 618 1747 enim
634 1683 695 1747 hae
717 1692 830 1766 gentes
846 1706 910 1747 non
931 1685 1020 1768 pacis
1044 1681 1158 1765 solum,
1182 1681 1280 1747 11114

116 1770 212 1832 etiam
234 1768 389 1832 victoriae
403 1767 497 1832 bonis
519 1767 689 1850 florebunt,
712 1771 739 1832 si
762 1790 804 1830 ex
826 1767 895 1832 aliis
917 1766 1065 1849 gentibus
1087 1766 1241 1852 praedam

118 1863 148 1918 11
169 1852 308 1935 gloriam
330 1874 531 1938 quaeremus.
563 1856 670 1938 itaque
693 1876 766 1917 cum
789 1853 964 1938 longinqua
985 1875 1005 1916 a
1028 1852 1123 1917 domo
1146 1854 1242 1916 instet
1260 1873 1276 1922 5

116 1937 227 2003 militia
247 1940 469 2023 incertumque
485 1941 534 2020 sit,
557 1938 685 2024 quando
709 1938 821 2002 domos
837 1948 960 2002 vestras
977 1947 1008 2000 ct
1023 1959 1105 2022 quae
1127 1939 1242 2022 cuique

117 2024 161 2088 ibi
184 2045 261 2088 cara
283 2032 357 2087 sunt
377 2025 477 2087 visuri
501 2025 576 2096 sitis,
600 2027 627 2088 si
650 2027 721 2109 quis
736 2032 879 2088 vestrum
902 2046 976 2088 suos
999 2024 1140 2087 invisere
1162 2022 1239 2100 vult,

118 2117 333 2173 commeatum
356 2108 406 2172 do.
430 2111 534 2194 primo
550 2131 627 2173 vere
651 2110 742 2172 edico
759 2109 879 2179 adsitis,
904 2119 939 2173 ut
955 2109 1003 2172 dis
1027 2108 1279 2180 1111111116

117 2193 200 2259 tibus
215 2191 339 2257 bellum
353 2195 489 2276 ingentis
506 2193 628 2277 gloriae
643 2194 849 2280 praedaeque
864 2193 1006 2257 futurum
1021 2193 1239 2279 incipiamus.“

118 2279 266 2344 omnibus
288 2277 356 2341 fere
379 2279 504 2343 visendi
528 2280 640 2343 domos
664 2277 772 2344 oblata
792 2278 876 2343 ultro
896 2288 1037 2365 potestas
1060 2289 1152 2361 grata
1175 2287 1276 2351 erata

117 2374 147 2428 et
167 2367 233 2429 iam
266 2362 523 2429 desiderantibus
546 2387 621 2429 suos
644 2373 676 2428 11
698 2363 824 2447 longius
852 2366 884 2427 in
906 2364 1048 2428 futurum
1069 2363 1241 2449 providen-

116 2448 201 2513 tibus
219 2447 424 2512 desiderium.
447 2471 506 2534 per
520 2458 621 2514 totum
637 2459 763 2534 tempus
780 2447 891 2512 hiemis
908 2452 997 2535 quies
1017 2451 1099 2511 inter
1113 2447 1241 2512 labores
1261 2475 1277 2522 8

118 2545 171 2599 aut
192 2537 257 2598 iam
281 2532 456 2598 exhaustos
479 2545 534 2598 aut
555 2556 632 2599 mox
655 2534 890 2598 exhauriendos
916 2536 1084 2597 renovavit
1106 2555 1243 2619 corpora

118 2622 307 2705 animosque
329 2617 370 2680 ad
398 2621 504 2683 omnia
535 2619 576 2682 de
607 2622 731 2703 integro
763 2620 924 2705 patienda.
956 2641 1034 2682 vere
1064 2620 1168 2705 primo
1200 2618 1241 2682 ad

118 2705 259 2770 edictum
281 2724 473 2768 convenere.

219 2786 392 2867 Hannibal,
427 2810 501 2853 cum
530 2791 746 2853 recensuisset
777 2792 917 2854 omnium
939 2791 1082 2867 gentium
1113 2789 1276 2869 auxiliata

120 2872 230 2938 Gades
252 2873 415 2958 profectus
437 2873 573 2939 Herculi
603 2884 680 2938 vota
707 2873 846 2939 exsolvit
874 2878 1031 2960 novisque
1062 2897 1097 2939 se
1121 2874 1242 2957 obligat

120 2960 210 3038 votis,
228 2959 256 3024 si
279 2968 387 3023 cetera
400 2981 557 3045 prospera
573 2960 763 3023 evenissent.
786 2959 862 3023 inde
877 2963 1017 3047 partiens
1031 2983 1124 3024 curas
1147 2960 1241 3025 simul
1260 2976 1293 3023 10

116 3045 146 3108 11
167 3042 372 3108 inferendum
388 3055 483 3130 atque
499 3045 674 3108 arcendum
690 3042 820 3124 bellum,
844 3067 895 3125 ne,
920 3046 997 3109 dum
1012 3048 1081 3132 ipse
1096 3049 1240 3108 terrestri

115 3151 173 3216 per
194 3128 386 3216 Hispaniam
402 3127 523 3194 Gallias
548 3152 588 3194 ue
603 3133 715 3193 itinere
731 3130 856 3194 ltaliam
884 3140 1017 3216 peteret,
1040 3131 1128 3194 nuda
1149 3152 1239 3217 aper·

115 3224 211 3301 taque
225 3213 378 3278 Romanis
395 3214 504 3279 Africa
519 3239 538 3279 a
577 3214 685 3280 Sicilia
701 3226 794 3298 esset,
812 3215 918 3281 valido
933 3216 1094 3302 praesidio
1111 3214 1239 3280 firmare

116 3315 185 3364 eam
207 3300 326 3365 statuit.
358 3321 418 3385 pro
443 3322 481 3365 eo
505 3301 765 3388 supplementum
797 3305 865 3388 ipse
899 3324 941 3366 ex
963 3301 1075 3364 Africa
1097 3304 1237 3366 maxime
1258 3317 1288 3364 11

114 3383 334 3464 iaculatorum,
350 3383 469 3449 levium
485 3388 590 3467 armis,
613 3389 712 3472 petiit,
736 3396 771 3450 ut
786 3386 857 3451 Al'ri
872 3391 904 3450 in
920 3387 1085 3472 Hispania,
1104 3387 1238 3472 Hispani
1264 3447 1266 3451 ,

115 3470 144 3534 in
160 3469 283 3550 Africa,
306 3469 418 3535 melior
433 3470 546 3556 procul
563 3471 603 3536 ab
621 3473 716 3535 domo
732 3472 856 3537 futurus
872 3482 1007 3557 uterque
1023 3471 1124 3551 miles,
1147 3471 1237 3535 velut

115 3557 230 3621 mutuis
252 3554 440 3641 pignoribus
465 3554 605 3640 obligati,
629 3558 789 3641 stipendia
803 3559 955 3623 facerent.
979 3558 1135 3621 tredecim
1151 3556 1238 3621 milia
1258 3575 1290 3623 12

116 3643 313 3725 octingentos
337 3642 566 3786 quinquaginta
594 3643 719 3727 pedites
743 3653 900 3707 caetratos
923 3645 1008 3706 misit
1039 3645 1071 3705 in
1093 3642 1237 3707 Africam

116 3734 145 3790 11
163 3725 346 3791 funditores
368 3724 417 3788 Ba
429 3729 514 3791 iares
531 3730 729 3810 octingentos
746 3731 957 3814 septuaginta,
982 3730 1104 3813 equites
1121 3731 1237 3793 mixtos

114 3830 154 3875 cx
173 3809 284 3878 multis
308 3812 455 3894 gentibus
471 3810 557 3876 mille
580 3813 743 3877 ducentos.
768 3814 825 3878 has
849 3815 957 3900 copias
973 3816 1092 3898 partim
1105 3811 1241 3876 (1111111-
1259 3833 1299 3875 as
