2738 4146
349 111 458 162 amna
474 112 510 164 11.
533 113 608 164 car.
627 115 668 166 as.
686 116 728 166 aa.
751 111 836 192 [au.
855 129 877 164 a
896 113 966 195 root
1237 103 1276 158 73

91 308 157 351 una
191 286 322 350 civitate
354 284 518 349 discordia
553 284 677 349 fecerat
706 322 749 332 -
782 286 879 370 longe
915 284 1009 350 aliter
1039 296 1150 372 patres
1188 309 1227 351 ac

91 372 225 459 plebem
248 371 411 435 adiecere.
440 371 589 435 exultare
612 373 731 456 gaudio
755 371 880 458 plebes,
903 372 1028 437 ultores
1051 372 1225 458 superbiae
1247 393 1262 440 2

91 469 224 544 patrum
261 459 377 522 adesse
415 457 525 521 dicere
564 458 659 539 deos3
697 457 778 522 alius
810 456 908 522 alium
944 459 1146 541 confirmare,
1184 481 1226 523 ne

92 546 225 609 nomina
247 544 376 608 darent:
405 566 479 608 cum
504 544 653 608 omnibus
676 547 783 629 potius
814 567 908 630 quam
935 544 1020 610 solos
1050 547 1225 630 perituros3

92 643 204 717 patres
229 631 413 711 militarent,
442 641 550 716 patres
580 653 670 694 arma
702 640 866 716 caperent,
895 640 931 695 ut
957 654 1059 716 penes
1092 633 1259 699 eosdema

94 715 242 804 pericula
268 716 358 796 belli,
392 739 492 801 penes
521 739 603 802 quos
630 721 777 802 praemia
805 727 923 781 essent.
958 720 1097 783 atvero
1135 720 1227 782 curia

93 801 220 867 maesta
252 826 291 866 ac
322 803 453 888 trepida
485 803 619 888 ancipiti
648 813 738 867 metu
765 813 798 867 et
824 803 865 866 ab
896 806 966 867 cive
996 815 1029 868 et
1058 804 1099 868 ab
1131 803 1226 868 hoste

92 889 268 955 Servilium
285 890 461 972 consulem,
479 891 531 953 cui
545 890 711 972 ingenium
730 890 831 973 magis
846 890 1006 974 populare
1023 900 1102 971 erat,
1120 911 1224 970 orare,

92 985 130 1039 ut
150 976 250 1039 ¹tantis
278 977 533 1039 circumventam
558 974 738 1039 terroribus
762 977 935 1061 expediret
957 998 1027 1039 rem
1049 975 1224 1060 publicam.
1243 999 1259 1044 4

93 1072 164 1126 tum
182 1062 293 1126 consul
316 1063 416 1126 misso
433 1072 548 1126 senatu
569 1063 603 1125 in
619 1063 803 1125 contionem
827 1062 945 1148 prodit.
968 1062 1014 1126 ibi
1031 1085 1127 1126 curae
1151 1084 1223 1126 esse

94 1147 245 1234 patribus
270 1148 420 1230 ostendit,
444 1158 480 1210 ut
500 1146 687 1211 consulatur
709 1146 813 1234 plebi3
837 1158 981 1211 ceterum
998 1148 1225 1212 deliberationi

94 1236 137 1298 de
160 1235 304 1296 maxima
327 1235 459 1320 quidem
489 1231 554 1315 illa,
587 1233 645 1298 sed
676 1243 787 1297 tamen
815 1245 907 1319 parte
935 1235 1074 1298 civitatis
1102 1244 1223 1298 metum

93 1343 154 1406 pro
177 1321 332 1384 universa-
354 1319 541 1406 republica
563 1319 786 1384 intervenisse.
810 1343 871 1384 nec
886 1342 993 1406 posse,
1018 1343 1091 1384 cum
1113 1320 1224 1385 hostes
1245 1345 1260 1390 a

93 1408 154 1491 pro
181 1428 199 1470 e
227 1406 270 1469 ad
296 1416 408 1491 portas
438 1413 556 1488 essent,
583 1404 672 1469 bello
700 1407 866 1490 praeverti
890 1408 1074 1492 quicquam,
1103 1429 1174 1488 nec,
1198 1409 1224 1470 si

91 1495 137 1556 sit
156 1429 335 1555 laxamenti
351 1492 484 1576 aliquid,
508 1501 565 1555 aut
587 1491 675 1576 plebi
698 1491 870 1555 honestum
889 1514 969 1569 esse,
994 1493 1056 1556 nisi
1072 1493 1224 1556 mercede

93 1581 185 1664 prius
209 1592 342 1663 accepta
366 1600 456 1641 arma
479 1600 538 1663 pro
567 1579 672 1662 patria
693 1599 756 1641 non
780 1581 917 1663 cepisse,
946 1601 1054 1664 neque
1078 1579 1224 1662 patribus

94 1666 173 1728 satis
199 1665 353 1728 decorum
376 1687 436 1749 per
459 1673 581 1727 metum
604 1665 712 1746 potius
741 1687 835 1749 quam
861 1669 1034 1749 postmodo
1057 1663 1224 1729 voluntate

92 1751 233 1814 adflictis
258 1752 374 1814 civium
393 1772 523 1813 suorum
548 1750 686 1814 fortunis
703 1750 915 1814 consuluisse.
940 1752 1081 1815 contioni
1104 1751 1224 1814 deinde
1244 1761 1259 1808 6

92 1837 204 1902 edicto
229 1837 356 1899 addidit
377 1836 486 1917 fidem,
516 1858 581 1922 quo
605 1837 718 1916 edixit,
746 1859 786 1900 ne
815 1837 886 1922 quis
916 1838 1018 1899 civem
1042 1837 1223 1900 Romanum

93 1925 241 1986 vinctum
264 1933 321 1986 aut
343 1922 489 1986 clausum
513 1932 648 2001 teneret,
675 1945 738 2007 quo
762 1924 867 1985 minus
891 1924 920 1985 ei
943 1924 1081 1985 nominis
1105 1923 1223 1987 edendi

93 2009 183 2094 apud
216 2008 365 2073 consules
396 2018 542 2094 potestas
570 2008 672 2088 fieret,
707 2031 771 2072 neu
799 2010 870 2094 quis
903 2008 1020 2089 militis,
1055 2009 1159 2072 donec
1190 2009 1224 2072 in

93 2097 209 2159 castris
228 2105 324 2174 esset,
341 2095 427 2158 bona
441 2093 626 2180 possideret
646 2105 702 2157 aut
715 2095 884 2175 venderet,
907 2093 1028 2158 liberos
1044 2105 1224 2179 nepotesve
1244 2105 1259 2154 7

93 2181 164 2245 eius
187 2192 380 2246 moraretur.
408 2180 472 2245 hoc
499 2183 667 2266 proposito
697 2181 803 2244 edicto
831 2191 864 2244 et
891 2183 945 2267 qui
972 2182 1109 2244 aderant
1135 2183 1222 2262 nexi,

92 2267 240 2354 profiteri
270 2267 432 2353 extemplo
461 2268 600 2340 nomina,
633 2276 665 2330 et
686 2267 831 2352 undique
860 2288 903 2330 ex
924 2278 993 2331 tota
1015 2267 1096 2330 urbe
1120 2268 1222 2352 prori-

92 2354 253 2440 pientium
278 2376 313 2418 se
337 2376 379 2417 ex
401 2353 539 2437 privato,
564 2375 638 2416 cum
661 2353 822 2416 retinendi
838 2354 886 2415 ius
910 2354 1065 2415 creditori
1086 2375 1152 2417 non
1176 2376 1223 2417 es·

92 2450 154 2522 set,
179 2460 355 2504 concursus
370 2440 403 2501 in
418 2439 534 2517 forum,
558 2449 594 2502 ut
610 2448 813 2502 sacramento
835 2439 990 2515 dicerent,
1008 2438 1087 2502 fieri.
1106 2461 1223 2521 magna
1241 2449 1257 2498 8

91 2549 133 2590 ea
155 2547 269 2589 manus
291 2525 361 2608 fuit,
389 2548 495 2610 neque
518 2523 656 2588 aliorum
679 2527 782 2607 magis
809 2527 841 2587 in
864 2523 983 2587 Volsco
1008 2523 1094 2588 bello
1119 2525 1222 2587 virtus

91 2623 192 2698 atque
227 2633 328 2696 opera
360 2612 482 2675 enituit.
515 2610 627 2674 consul
660 2612 770 2694 copias
798 2619 910 2674 contra
941 2609 1070 2674 hostem
1102 2610 1221 2692 educit,

90 2721 195 2785 parvo
220 2698 391 2760 dirimente
414 2695 585 2761 intervallo
609 2705 716 2761 castra
739 2697 836 2780 ponit.

196 2782 305 2847 XXV.
336 2782 492 2848 Proxima
518 2784 594 2846 inde
620 2793 717 2846 nocte
746 2781 859 2845 Volsci
888 2781 1051 2847 discordia
1076 2780 1255 2846 Romana1

89 2870 175 2950 freti,
201 2872 227 2933 si
252 2891 317 2954 qua
330 2879 492 2933 nocturna
513 2869 661 2933 transitio
678 2869 864 2952 proditiove
886 2867 956 2932 fieri
971 2878 1093 2954 posset,
1117 2879 1222 2954 temp·

90 2965 160 3020 tant
183 2964 302 3019 eastra.
326 2977 457 3019 sensere
481 2955 607 3038 vigiles,
638 2957 798 3018 excitatus
823 2955 997 3033 exercitus,
1029 2955 1120 3036 signo
1147 2954 1221 3017 dato

90 3064 288 3107 concursum
312 3051 362 3106 est
384 3041 426 3104 ad
443 3062 548 3121 arme;
571 3043 616 3104 ita
630 3040 750 3104 frustra
766 3041 800 3103 id
822 3042 985 3124 inceptum
1001 3039 1131 3103 Volscis
1151 3039 1222 3102 fuit.
1242 3053 1257 3100 a

89 3129 253 3214 reliquum
282 3129 387 3192 noctis
415 3129 579 3212 utrimque
609 3128 709 3212 quieti
733 3127 854 3189 datum.
883 3136 1014 3212 postero
1043 3126 1096 3188 die
1119 3127 1223 3210 prima

89 3214 163 3279 luce
187 3212 300 3277 Volsci
322 3214 417 3277 fossis
439 3212 574 3298 repletis
594 3212 715 3275 vallum
738 3213 906 3276 invadunt.
930 3214 1061 3296 iamque
1077 3211 1118 3273 ab
1135 3213 1223 3274 omni
1241 3227 1257 3274 3

89 3311 185 3387 parte
208 3301 409 3363 munimenta
423 3298 639 3379 vellebantur,
656 3321 730 3362 cum
748 3297 870 3378 consul,
894 3320 1089 3382 quamquam
1114 3298 1223 3360 cuncti

89 3388 247 3471 undique,
277 3397 310 3450 et
331 3387 408 3450 nexi
438 3395 513 3449 ante
537 3407 658 3466 omnes,
683 3395 719 3448 ut
741 3385 868 3467 signum
893 3384 993 3463 daret,
1028 3383 1222 3465 clamabant,

89 3471 285 3558 experiendi
312 3473 436 3536 animos
464 3471 601 3535 militum
626 3493 724 3534 causa
746 3491 924 3555 parumper
950 3481 1107 3549 moratus,
1136 3478 1222 3554 post·

87 3581 188 3646 quam
211 3559 290 3621 satis
312 3557 497 3644 apparebat
518 3559 634 3640 ingens
657 3558 765 3637 ardor,
798 3556 874 3620 dato
898 3555 1028 3619 tandem
1051 3556 1093 3618 ad
1117 3577 1223 3618 erum-

87 3644 235 3731 pendum
275 3644 368 3727 signo
405 3641 540 3707 militem
572 3642 705 3707 avidum
742 3641 926 3706 certaminis
959 3642 1086 3705 emittit.
1118 3643 1258 3725 primot

88 3732 201 3797 statim
217 3729 349 3793 incursu
360 3727 448 3816 pulsi
463 3728 589 3808 hostes;
612 3728 823 3812 fugientibus,
847 3726 958 3813 quoad
971 3728 1108 3809 inseup'x
1123 3727 1240 3807 pedes

88 3816 207 3905 potuit,
231 3824 450 3901 targuesona
473 3836 574 3903 eques
590 3836 697 3904 usque
714 3815 757 3882 ad
775 3823 887 3881 castra
899 3813 1052 3901 pav'rdos
1068 3812 1157 3890 ergit.
1175 3822 1270 3865 rm
