2738 4146
282 190 459 242 1111111111.
478 190 554 243 csP.
573 194 615 242 sa.
633 193 675 243 14.
694 194 735 243 11.
755 188 789 259 [a
806 190 841 243 u.
858 206 882 242 a
900 188 1056 258 sos-3041.
1209 176 1271 236 211

91 360 267 426 duodecim
290 371 396 445 erant3
420 361 564 447 conlegis
585 384 704 428 novem
727 362 845 447 singuli
860 363 989 427 accensi
1005 360 1221 449 apparebant.

92 449 181 513 etin
213 449 320 524 unica¹
339 449 514 513 concordia
542 449 627 514 inter
657 452 755 536 ipsos,
788 449 844 535 qui
880 470 1056 514 consensus
1087 449 1223 533 privatis

92 534 258 600 interdum
280 533 400 599 inutilis
424 542 481 611 est,
516 556 644 599 summa
675 536 832 599 adversus
863 534 943 600 alios
970 536 1118 621 aequitas
1142 542 1221 600 erat.

92 620 324 684 moderationis
348 641 460 685 eorum
482 632 710 705 argumentum
732 619 882 706 exemplo
905 622 1000 686 unius
1022 622 1070 684 rei
1093 629 1258 687 notasset

92 707 173 770 satis
207 707 277 771 erit.
322 729 397 771 cum
430 706 499 771 sine
531 709 762 790 provocatione
800 707 901 771 creati
937 718 1056 789 essent,
1094 707 1223 772 defosso

95 792 257 856 cadavere
290 792 377 857 domi
407 793 494 877 apud
527 793 563 857 P.
599 790 750 876 Sestium,
781 793 940 879 patriciae
971 794 1075 876 gentis
1106 793 1223 876 virum,
1243 810 1278 860 10

94 879 227 942 invento
251 876 446 966 prolatoque
468 880 500 942 in
517 880 711 961 contionem,
734 881 767 943 in
782 900 818 943 re
833 879 925 943 iuxta
939 877 1109 943 manifesta
1124 887 1224 965 atque

93 965 198 1028 atroci
222 962 258 1028 O.
281 963 384 1028 Iulius
408 964 573 1030 decemvir
596 965 682 1030 diem
705 965 810 1031 Sestio
835 965 918 1028 dixit
941 975 973 1030 et
995 975 1165 1029 accusator
1179 964 1225 1029 ad

95 1049 252 1135 populum
275 1051 391 1133 extitit,
415 1051 504 1114 cuius
527 1051 575 1116 rei
596 1051 698 1116 iudex
718 1051 882 1135 legitimus
906 1059 985 1132 erat,
1020 1050 1226 1136 decessitque

93 1137 164 1284 iqpe
196 1157 265 1217 suo,
297 1146 334 1201 ut
364 1138 534 1222 demptum
568 1136 609 1201 de
641 1138 674 1201 vi
705 1138 914 1221 magistratus
946 1135 1060 1223 populi
1082 1135 1226 1201 libertati

92 1244 114 1286 a
139 1223 249 1285 iceret.

198 1306 359 1372 XXXIV.
383 1306 467 1372 Oum
488 1318 675 1393 promptum
697 1306 831 1372 hocius
853 1307 945 1372 velut
967 1329 1010 1372 ex
1024 1305 1156 1373 oraculo
1178 1308 1226 1372 in·
1245 1325 1259 1374 1

96 1405 286 1478 corruptum
301 1395 421 1477 pariter
436 1394 477 1457 ab
493 1394 532 1458 iis
548 1395 665 1459 summi
684 1391 852 1479 infimique
866 1393 999 1477 ferrent,
1014 1403 1084 1458 tum
1099 1391 1226 1477 legibus

95 1478 276 1545 condendis
299 1501 401 1565 opera
422 1479 575 1563 dabatur3
597 1479 787 1565 ingentique
809 1479 977 1544 hominum
998 1481 1226 1566 expectatione

98 1565 272 1649 propositis
304 1566 417 1631 decem
446 1565 567 1630 tabulis
597 1563 755 1650 populum
787 1567 829 1628 ad
862 1567 1047 1630 contionem
1085 1566 1225 1629 advoca·

98 1660 217 1714 verunt
239 1661 279 1730 et,
306 1652 392 1738 quod
416 1651 538 1716 bonum
560 1651 702 1715 faustum
723 1650 866 1737 felixque
892 1652 941 1714 rei
963 1650 1124 1736 publicae,
1146 1652 1226 1736 ipsis
1245 1671 1262 1718 a

95 1735 273 1822 liberisque
297 1759 410 1802 eorum
432 1749 528 1817 esset,
551 1739 599 1802 ire
616 1748 648 1801 et
663 1737 772 1820 legere
787 1736 876 1820 leges
891 1738 1075 1837 propositas
1090 1737 1224 1802 iussere.

94 1845 141 1904 se,
197 1833 330 1887 uantum
364 1822 478 1888 decem
508 1823 675 1887 hominum
706 1824 843 1907 ingeniis
874 1823 1042 1909 provideri
1072 1823 1260 1909 potuerit,3

94 1845 257 1991 omnibus,
290 1911 422 1974 summis
455 1908 649 1995 infimisque,
681 1910 753 1973 iura
784 1930 956 1995 aequasse,
996 1908 1069 1994 plus
1101 1907 1225 1994 pollere

96 1992 272 2059 multorum
295 1996 426 2079 ingenia
457 1994 666 2081 consiliaque.
704 2006 873 2059 versarent
903 1996 937 2058 in
968 1996 1082 2059 animis
1115 2017 1262 2066 secums

95 2102 360 2167 unamquamque
393 2104 473 2163 rem,
505 2083 666 2165 agitarent
698 2081 815 2144 deinde
844 2080 1047 2146 sermonibus
1071 2090 1171 2169 atque
1193 2083 1226 2145 in

95 2166 250 2246 medium,
274 2167 352 2251 quid
375 2167 407 2231 in
432 2188 561 2254 quaque
583 2189 620 2231 11
643 2165 715 2250 plus
737 2169 885 2231 minusve
905 2176 1001 2244 esset,
1025 2166 1225 2231 conferrent:

94 2274 150 2316 eas
184 2251 273 2337 leges
306 2252 491 2318 habiturum
522 2251 679 2338 populum
710 2252 903 2330 Romanum,
936 2273 1017 2337 quas
1048 2262 1262 2316 consensuso

92 2339 239 2402 omnium
262 2360 328 2402 non
350 2341 481 2404 iussisse
504 2337 587 2403 latas
610 2339 713 2423 magis
736 2360 833 2425 quam
856 2338 969 2401 tulisse
984 2337 1089 2402 videri
1104 2347 1224 2422 posset.
1302 2383 1312 2396 .

91 2446 169 2488 cum
207 2424 249 2488 ed
286 2447 433 2489 rumores
469 2424 637 2490 hominum
676 2424 717 2488 de
748 2446 944 2510 unoquoque
978 2421 1088 2506 legum
1119 2424 1261 2506 capitae

91 2510 201 2574 editos
225 2511 302 2575 satis
326 2520 491 2576 correctae
512 2511 711 2587 viderentur,
741 2511 926 2574 centuriatis
950 2509 1086 2572 comitiis
1111 2508 1226 2573 decem

93 2594 282 2660 tabularum
312 2595 402 2681 leges
435 2596 582 2683 perlatae
614 2605 697 2677 sunt,
735 2597 790 2681 qui
821 2617 908 2659 nunc
940 2616 1069 2744 quoque
1101 2594 1134 2658 in
1162 2594 1227 2659 hoc

92 2683 253 2746 immenso
285 2680 420 2746 aliarum
452 2705 551 2768 super
582 2681 661 2745 alias
698 2691 922 2746 acervatarum
966 2703 1063 2764 egum
1096 2678 1225 2745 cumulo

92 2767 165 2832 fons
201 2769 304 2831 omnis
336 2767 461 2852 publici
491 2769 675 2855 privatique
707 2776 757 2832 est
793 2769 880 2831 iuris.
917 2766 1071 2850 vulgatur
1108 2767 1262 2830 deinde?

92 2858 208 2919 rumor
231 2854 312 2917 duas
335 2853 450 2918 deesse
481 2853 618 2934 tabulas,
653 2853 770 2939 quibus
802 2854 938 2917 adiectis
970 2851 1097 2917 absolvi
1128 2874 1227 2938 posse

89 2938 185 3004 velut
208 2959 333 3023 corpus.
351 2942 453 3004 omnis
475 2939 612 3005 Romani
635 2939 724 3003 iuris.
763 2961 801 3003 ea
829 2940 1022 3023 expectatio,
1054 2961 1128 3003 cum
1158 2938 1227 3002 dies

95 3025 301 3103 comitiorum
325 3026 613 3111 appropinquaret,
651 3025 847 3089 desiderium
880 3025 1083 3090 decemviros
1106 3026 1226 3088 iterum

88 3110 229 3176 creandi
271 3110 355 3175 fecit·
402 3113 465 3174 iam
509 3110 612 3197 plebs,
657 3121 886 3197 praeterquam
927 3110 1014 3195 quod
1058 3108 1262 3174 consulum8

92 3216 213 3260 nomen
236 3195 325 3260 haud
350 3219 444 3261 secus
468 3219 565 3281 quam
587 3219 702 3281 regum
718 3219 837 3282 perosa
858 3206 936 3274 erat,
960 3218 1001 3260 111
1016 3195 1226 3260 tribunicium

88 3283 228 3370 quidem
251 3281 407 3346 auxilium
431 3282 619 3347 cedentibus
642 3284 783 3346 invicem
808 3282 1016 3368 appellationi
1032 3282 1225 3346 decemviris

88 3366 284 3454 quaerebat.
1339 3434 1341 3437 ,

139 3470 141 3475 ’
196 3451 340 3517 XXXV.
377 3451 554 3538 Postquam
586 3475 665 3516 vero
699 3455 831 3517 comitia
859 3454 1053 3517 decemviris
1078 3451 1260 3518 creandisl

88 3541 126 3605 in
148 3541 272 3604 trinum
292 3538 471 3602 nundinum
495 3538 617 3601 indicta
639 3547 723 3620 sunt,
754 3547 844 3602 tanta
877 3539 999 3603 exarsit
1022 3537 1166 3615 ambitio,
1190 3546 1262 3606 uta

90 3626 255 3713 primores
279 3642 409 3710 quoque
433 3625 569 3689 civitatis
591 3659 636 3671 -
659 3634 756 3701 metu,
781 3625 890 3705 credo,
905 3646 947 3688 ne
962 3625 1043 3688 tanti
1058 3623 1225 3709 possessio

87 3712 222 3798 imperii
244 3710 413 3775 vacuo'ab
438 3733 473 3774 se
495 3710 610 3774 relicto
642 3709 714 3775 loco
749 3710 835 3775 haud
868 3712 945 3775 satis
969 3710 1074 3794 dignis
1096 3718 1227 3794 pateret

91 3834 136 3846 -
161 3804 356 3883 prensarent
386 3796 543 3879 homines,
576 3796 733 3860 honorem
765 3819 893 3862 summa
921 3818 986 3882 ope
1012 3818 1036 3860 a
1054 3797 1234 3875 11111114-

88 3892 206 3953 uatum
243 3881 285 3946 ab
326 3904 364 3946 ea
398 3881 504 3966 plebe,
545 3905 620 3949 cum
662 3907 729 3974 qua
758 3885 1019 3965 contenderant,
1052 3876 1262 4017 squXxpper
