2738 4146
425 197 535 248 LIBER
551 197 598 249 tv.
617 194 693 249 CAP.
710 200 735 248 4.
752 195 790 268 [a
808 198 842 251 U.
860 214 884 252 o.
903 197 975 268 ³⁰⁹l·
1225 189 1287 247 233

96 368 186 458 quod
208 367 355 435 nondum
378 367 572 434 estfactum
585 368 747 433 -multa
770 371 856 433 enim
879 369 1024 434 nondum
1048 382 1123 436 sunt
1145 372 1233 438 facta

95 459 128 521 in
149 476 241 523 novo
262 452 386 541 populo
411 490 461 538 -,
484 476 533 539 ea,
560 477 600 519 ne
624 456 652 519 si
674 454 766 519 utilia
788 456 920 541 quidem
944 457 1016 532 sint,
1041 457 1112 522 fieri
1136 482 1232 546 opor·

97 542 170 609 tet?
197 540 382 627 pontifices,
414 561 555 625 augures
576 539 715 607 Romulo
747 552 905 626 regnante
938 541 1019 606 nulli
1050 558 1157 608 erant:
1190 544 1270 612 aba

96 627 207 694 Numa
227 625 391 713 Pompilio
414 627 514 692 creati
537 636 620 691 sunt
657 649 773 692 census
797 629 829 691 in
854 629 985 693 civitate
1008 637 1042 694 et
1064 630 1232 715 discriptio

98 714 318 780 centuriarum
341 711 558 799 classiumque
579 735 645 777 non
667 723 752 778 erat:
775 713 816 777 ab
841 713 910 780 Ser.
933 712 1040 779 Tullio
1064 726 1116 780 est
1135 717 1232 781 facta.

100 798 251 865 consules
271 821 451 886 numquam
471 798 615 863 fuerant:
637 799 771 883 regibus
788 800 911 864 exactis
935 803 1035 865 creati
1059 813 1143 866 sunt.
1167 804 1268 870 dic-a

99 887 214 952 tatoris
234 907 298 951 nec
318 885 492 971 imperium
522 905 586 949 nec
617 907 736 950 nomen
759 885 880 951 fuerat:
914 909 934 949 a
959 887 1002 951 ud
1027 899 1137 972 patres
1160 912 1232 955 esse

101 973 220 1058 coepit
242 970 366 1036 tribuni
388 968 489 1056 plebi,
512 968 646 1052 aediles,
671 982 862 1056 quaestores
877 910 956 1036 nulli
979 985 1084 1038 erant:
1106 976 1231 1040 institu-

103 1070 169 1124 tum
193 1066 254 1142 eat,
276 1066 314 1122 ut
334 1056 460 1122 fierent.
484 1056 688 1122 decemviros
711 1055 839 1142 legibus
862 1058 1044 1124 scribendis
1066 1062 1153 1125 intra
1175 1061 1231 1127 de-

101 1167 170 1210 cem
201 1143 263 1207 bos
295 1164 397 1207 annos
429 1152 463 1208 et
492 1144 674 1208 creavimus
706 1155 739 1208 et
772 1166 789 1207 e
819 1166 856 1210 re
879 1144 1010 1230 publiea
1032 1146 1230 1212 sustulimus.

79 1231 172 1317 ¹quis
195 1228 335 1312 dubitat,
359 1230 437 1316 quin
459 1229 492 1293 in
515 1238 684 1294 aeternum
705 1229 788 1295 urbe
812 1231 951 1315 condita,
983 1234 1015 1294 in
1038 1234 1232 1298 immensum
1251 1253 1267 1300 4

104 1326 270 1382 crescente
292 1337 379 1381 nova
400 1316 545 1399 imperia,
569 1316 763 1399 sacerdotia,
789 1317 861 1380 iura
882 1319 1027 1399 gentium
1050 1318 1230 1383 hominum·

102 1424 163 1488 que
184 1399 419 1467 instituantur?
450 1401 514 1467 hoc
544 1402 663 1487 ipsum,
693 1424 737 1467 ne
770 1401 945 1468 conubium
976 1404 1126 1488 patribus
1157 1426 1266 1473 cuma

101 1487 197 1574 plebe
220 1498 318 1571 esset,
341 1508 407 1551 non
423 1487 600 1552 decemviri
622 1486 766 1552 tulerunt
780 1490 893 1574 paucis
909 1489 959 1554 his
975 1492 1066 1554 annis
1089 1493 1230 1576 pessimo

101 1573 230 1660 publico
252 1594 329 1638 cum
350 1595 478 1648 summa
499 1573 615 1638 iniuria
637 1572 765 1660 plebis?
797 1597 837 1639 an
861 1597 932 1639 esse
960 1575 1028 1641 ulla
1051 1580 1154 1643 maior
1176 1588 1231 1642 aut

101 1659 282 1743 insignitior
312 1657 511 1725 contumelia
531 1669 650 1746 potest,
682 1682 780 1745 quam
810 1671 939 1746 partem
971 1663 1109 1726 civitatis
1142 1664 1232 1728 velut

101 1746 351 1811 contaminatam
365 1746 532 1830 indignam
546 1745 686 1812 conubio
710 1745 846 1810 haberi?
869 1748 946 1832 quid
963 1759 1012 1812 est
1028 1748 1114 1812 aliud
1155 1772 1231 1815 uam
1249 1774 1265 1822 s

103 1832 237 1897 exilium
257 1832 343 1896 intra
365 1831 481 1897 eadem
512 1833 651 1916 moenia,
675 1855 773 1919 quam
803 1832 1036 1918 relegationem
1067 1773 1158 1920 petil
1189 1859 1230 1901 ne

101 1916 330 2001 adfinitatibus,
363 1940 405 1982 ne
427 1918 723 2005 propinquitatibus
745 1920 996 2003 immisceamur,
1028 1931 1155 2006 cavent,
1186 1945 1228 1987 ne

103 2006 242 2069 societur
278 2005 419 2088 sanguis.
449 2004 552 2091 quid?
589 2004 654 2069 hoc
686 2005 713 2069 si
745 2004 864 2091 polluit
894 2005 1098 2073 nobilitatem
1132 2009 1267 2082 istamr

101 2101 252 2174 rostram,
281 2111 380 2176 quam
401 2088 549 2177 plerique
572 2092 699 2154 oriundi
732 2113 775 2154 ex
796 2090 933 2156 Albanis
957 2102 990 2157 et
1012 2093 1141 2160 Sabinis
1163 2117 1229 2160 non

102 2197 217 2259 genero
239 2177 301 2241 nee
316 2177 482 2260 sanguine,
505 2176 563 2240 sed
579 2199 640 2263 per
655 2179 896 2262 cooptationem
911 2179 944 2242 in
959 2191 1070 2265 patres
1093 2181 1229 2265 habetis,

104 2271 156 2328 ant
178 2261 221 2328 ab
244 2261 379 2346 regibus
401 2261 478 2327 lecti
498 2271 555 2326 aut
585 2273 661 2348 post
691 2285 786 2346 reges
818 2273 952 2329 exactos
984 2267 1074 2330 iussu
1107 2267 1229 2352 populi,

102 2348 257 2414 sinceram
280 2369 412 2414 servare
434 2348 570 2433 privatis
585 2347 727 2414 consiliis
742 2371 807 2413 non
830 2352 986 2436 poteratis
1003 2374 1063 2415 nec
1079 2352 1228 2418 ducendo

101 2454 140 2497 ex
160 2432 261 2520 plebe
281 2455 388 2520 neque
418 2443 546 2500 vestras
578 2433 661 2498 filias
684 2457 878 2521 sororesque
907 2437 1069 2502 ecnubere
1092 2439 1227 2504 sinendo

101 2518 309 2606 e-patribus?
338 2541 436 2585 nemo
468 2519 614 2604 plebeius
645 2521 801 2606 patriciae
831 2523 950 2606 virgini
980 2524 1046 2588 vim
1070 2523 1265 2589 adferret28

101 2608 309 2691 patriciorum
330 2607 393 2671 ista
414 2604 516 2670 libido
541 2616 605 2692 est3
635 2629 731 2671 nemo
754 2608 892 2672 invitum
914 2610 1098 2694 pactionem
1122 2613 1228 2695 nupti·

99 2692 179 2758 alem
205 2714 403 2779 quemquam
424 2692 533 2757 facere
560 2694 731 2777 coegisset.
754 2717 869 2758 verum
886 2697 971 2758 enim
994 2719 1074 2760 vero
1098 2696 1172 2781 lege
1194 2698 1228 2763 id
1249 2711 1264 2758 o

99 2779 265 2862 prohiberi
287 2789 320 2842 et
343 2778 518 2843 conubium
549 2778 621 2843 tolli
651 2789 781 2864 patrum
812 2803 850 2844 ac
881 2781 999 2867 plebis,
1029 2782 1063 2847 id
1097 2784 1228 2850 demum

97 2863 365 2930 contumeliosum
395 2863 485 2948 plebi
512 2874 571 2930 est.
603 2887 662 2930 cur
693 2865 778 2930 enim
806 2889 870 2931 non
892 2867 994 2953 fertis,
1028 2891 1070 2934 ne
1101 2871 1142 2934 sit
1175 2893 1228 2936 oo·

96 2951 231 3016 nubium
260 2950 415 3015 divitibus
446 2973 485 3015 ac
515 2949 737 3037 pauperibus?
771 2952 858 3038 quod
891 2956 1091 3038 privatorum
1123 2959 1226 3020 consi·
1247 2971 1280 3019 to

96 3033 211 3102 liorum
234 3036 357 3123 ubique
373 3059 504 3122 semper
525 3037 596 3122 fuit,
618 3047 655 3101 ut
676 3039 822 3123 inquam
845 3041 963 3126 cuique
985 3041 1124 3106 feminae
1152 3064 1227 3107 oon-

95 3125 238 3188 renisset
261 3123 395 3188 domum
416 3122 564 3207 nuberet,
597 3146 640 3188 ex
662 3132 727 3209 qu‘a
749 3135 864 3209 paetus
888 3137 974 3191 esset
1001 3128 1051 3190 vir
1075 3127 1172 3192 domo
1194 3130 1226 3191 in

94 3210 336 3274 matrimonium
358 3209 502 3293 duceret,
533 3210 568 3273 id
589 3233 649 3275 vos
683 3209 743 3274 sub
767 3210 848 3294 legis
882 3211 1135 3297 superbissimae
1158 3215 1227 3277 vin·

94 3294 167 3360 cula
189 3295 347 3379 conicitis,
370 3317 435 3381 qua
458 3296 615 3360 dirimatis
638 3298 827 3363 societatem
851 3298 990 3381 civilem,
1015 3299 1161 3386 duasque
1186 3323 1228 3364 ex

93 3402 157 3447 una
179 3381 330 3446 civitates
351 3382 487 3446 faciatis.
520 3405 578 3446 cur
598 3404 664 3447 non
697 3385 838 3466 sancitis,
871 3406 913 3448 ne
934 3386 1059 3449 vicinus
1086 3387 1225 3469 patricio
1246 3402 1277 3448 11

94 3469 133 3532 sit
154 3465 306 3554 plebeius
321 3489 382 3532 nec
405 3468 522 3534 eodem
537 3469 651 3532 itinere
676 3478 738 3551 eat,
759 3491 800 3533 ne
816 3470 903 3532 idem
920 3472 1105 3536 convivium
1127 3473 1226 3556 ineat,

92 3573 131 3620 ne
154 3557 188 3618 in
210 3553 282 3619 foro
305 3554 423 3619 eodem
445 3552 622 3622 consistat?
655 3556 732 3641 quid
757 3556 843 3620 enim
876 3557 908 3619 in
937 3580 973 3621 re
996 3569 1045 3622 est
1068 3556 1167 3642 aliud,
1199 3561 1226 3622 si

92 3639 255 3726 plebeiam
278 3642 434 3724 patricius
458 3641 598 3725 duxerit,
622 3641 647 3705 si
664 3643 832 3725 patriciam
849 3642 1021 3724 plebeius?
1045 3645 1124 3730 quid
1146 3645 1225 3709 iuris

91 3727 226 3792 tandem
248 3726 413 3792 mutatur?
435 3750 553 3812 nempe
569 3736 696 3812 patrem
718 3739 898 3814 sequuntur
914 3727 1019 3793 liberi.
1041 3751 1113 3815 neo,
1138 3733 1226 3816 quod
1247 3749 1280 3798 12

88 3833 147 3878 nos
172 3812 218 3877 ort
240 3812 379 3879 conubio
403 3824 511 3878 vestro
536 3823 697 3900 petamus,
721 3815 899 3903 quiequam
913 3825 976 3898 est,
995 3825 1235 3902 praeterquam

88 3909 123 3963 ut
148 3897 324 3981 bominum,
357 3909 395 3964 ut
427 3901 551 3967 civium
583 3925 724 3971 numero
760 3904 878 3988 simus,
912 3925 982 3969 nee
1008 3923 1090 3986 uos,
1120 3901 1195 3962 mm
1212 3901 1261 3958 'm
