2738 4146
507 629 510 635 ·
547 575 595 687 Τ.
632 575 788 685 LIVH

346 764 434 837 AB
480 763 658 839 URBE
706 764 993 839 CONDITA

576 917 712 981 LIBER
734 917 760 982 Ι.

618 1059 720 1067 —-

529 1175 809 1232 PRAEFATIO.

183 1313 389 1377 Facturusne
413 1336 533 1398 operae
556 1315 695 1393 pretium
718 1316 789 1394 sim,
818 1315 844 1376 si
874 1335 893 1378 a
915 1312 1094 1397 primordio
1117 1311 1208 1376 urbis
1228 1328 1243 1377 1

79 1420 132 1461 res
155 1398 269 1484 populi
292 1400 429 1463 Romani
444 1401 701 1484 perscripserim,
716 1420 778 1462 nec
794 1400 870 1463 satis
886 1401 952 1464 scio
968 1420 1037 1480 nec,
1054 1400 1206 1477 sisciam,

80 1483 189 1547 dicere
214 1487 327 1566 ausim,
353 1486 475 1570 quippe
498 1487 553 1570 qui
576 1507 650 1548 cum
676 1494 821 1550 veterem
851 1497 917 1548 tum
946 1484 1111 1567 vulgatam
1135 1501 1241 1548 esset

79 1592 148 1632 rem
172 1571 310 1651 videam,
336 1571 412 1634 dum
435 1574 511 1635 novi
535 1593 669 1655 semper
692 1573 867 1654 scriptores
892 1570 1002 1634 autin
1023 1570 1123 1634 rebus
1141 1592 1207 1634 cer-

78 1657 142 1718 tius
166 1655 289 1741 aliquid
315 1655 469 1720 allaturos
494 1679 529 1721 se
545 1666 601 1720 aut
617 1655 779 1719 scribendi
796 1667 865 1720 arte
881 1657 996 1720 rudem
1010 1665 1206 1719 vetustatem

78 1753 290 1824 superaturos
323 1743 468 1805 credunt.
501 1752 678 1827 utcumque
706 1743 777 1821 erit,
810 1742 937 1807 iuvabit
963 1751 1072 1805 tamen
1099 1760 1234 1807 rerum3

77 1836 244 1909 gestarum
268 1830 443 1891 memoriae
466 1828 619 1913 principis
635 1837 795 1892 terrarum
811 1828 924 1912 populi
938 1851 997 1911 pro
1013 1827 1098 1893 virili
1115 1837 1207 1912 parte

78 1923 113 1976 ct
135 1914 242 1998 ipsum
267 1914 480 1995 consuluisse3
514 1924 546 1978 et
574 1916 600 1977 si
627 1914 660 1977 in
688 1923 779 1977 tanta
801 1916 995 1998 scriptorum
1017 1912 1113 1976 turba
1135 1935 1208 1976 mea

77 1999 167 2061 fama
188 2001 221 2061 in
245 1999 382 2062 obscuro
408 2001 458 2080 sit,
487 1999 657 2064 nobilitate
684 2022 723 2063 ac
749 2001 972 2084 magnitudine
1000 2021 1114 2063 eorum
1143 2017 1233 2079 me,4

78 2087 136 2169 qui
159 2086 280 2148 nomini
305 2085 447 2149 officient
469 2109 552 2166 meo,
577 2085 734 2150 consoler.
758 2109 812 2149 res
836 2097 885 2150 est
907 2096 1079 2170 praeterea
1102 2094 1134 2147 et
1148 2086 1206 2146 im·

77 2173 183 2234 mensi
207 2172 324 2256 operis,
348 2182 383 2234 ut
407 2193 490 2256 quae
514 2193 614 2256 supra
636 2173 958 2256 septingentesimum
978 2192 1097 2234 annum
1114 2193 1206 2254 repe-

76 2268 166 2320 tatur
189 2267 221 2320 et
243 2278 327 2341 quae
351 2256 391 2320 ab
416 2259 542 2340 exiguis
566 2257 712 2342 profecta
734 2258 830 2321 initiis
855 2280 892 2322 eo
917 2259 1064 2338 creverit,
1088 2257 1205 2319 utiam

78 2343 303 2424 magnitudine
326 2342 453 2405 laboret
475 2364 548 2424 sua;
578 2353 610 2406 et
638 2343 813 2425 legentium
841 2342 1006 2428 plerisque
1034 2341 1123 2404 haud
1148 2343 1205 2404 du·

77 2427 147 2492 bito
173 2431 249 2512 quin
265 2429 388 2511 primae
411 2431 551 2511 origines
565 2430 780 2512 proximaque
797 2428 974 2512 originibus
990 2429 1095 2490 minus
1112 2450 1204 2512 prae-

78 2514 188 2577 bitura
209 2512 387 2596 voluptatis
415 2515 487 2594 sint,
521 2513 747 2578 festinantibus
776 2514 818 2577 ad
849 2514 931 2578 haec
959 2536 1054 2596 nova,
1088 2513 1205 2599 quibus

76 2600 295 2683 iampridem
324 2599 540 2685 praevalentis
568 2599 681 2685 populi
714 2602 801 2665 vires
833 2623 868 2666 se
899 2602 989 2686 ipsae
1018 2600 1239 2682 conficiunt35

77 2708 141 2768 ego
166 2695 279 2748 contra
302 2685 364 2749 hoc
387 2708 518 2770 quoque
540 2685 660 2751 laboris
688 2688 868 2771 praemium
896 2697 1019 2772 petam,
1051 2695 1087 2749 ut
1113 2709 1206 2750 mea

52 2782 257 2854 'conspectu
281 2771 450 2852 malorum,
475 2795 559 2858 quae
582 2783 693 2837 nostra
717 2782 766 2837 tot
795 2794 978 2856 perennes
1001 2773 1082 2837 vidit
1105 2781 1204 2853 aetem,

75 2860 237 2941 tantisper
260 2869 357 2938 certe,
382 2857 458 2921 dum
481 2861 589 2944 prisca
611 2858 667 2921 illa
688 2867 756 2921 tota
779 2869 887 2922 mente
907 2869 1032 2944 repeto,
1049 2868 1203 2937 avertam,

77 2945 181 3008 omnis
206 2966 323 3026 expers
348 2966 454 3021 curae,
479 2966 564 3029 quae
587 2944 756 3008 scribentis
784 2946 926 3007 animum
954 2945 1014 3008 etsi
1041 2966 1104 3007 non
1128 2943 1203 3008 flec-

75 3039 147 3093 tere
170 3051 188 3090 a
211 3051 301 3107 vero,
326 3027 499 3092 sollicitum
522 3040 630 3093 tamen
654 3029 784 3093 efficere
806 3041 927 3115 posset.

183 3113 275 3192 Quae
291 3125 365 3178 ante
382 3115 544 3178 conditam
562 3116 807 3179 condendamve
823 3116 939 3180 urbem
955 3116 1090 3200 poeticis
1101 3116 1204 3198 magis
1224 3133 1239 3181 6

76 3200 198 3264 decora
220 3199 338 3264 fabulis
355 3222 451 3284 quam
473 3203 668 3286 incorruptis
683 3224 791 3264 rerum
807 3213 971 3285 gestarum
987 3203 1202 3264 monumentis

74 3287 258 3366 traduntur,
284 3309 322 3349 ea
345 3309 405 3350 nee
428 3287 600 3350 adfirmare
616 3309 677 3350 nec
692 3286 842 3351 refellere
857 3288 890 3350 in
906 3289 1012 3351 animo
1030 3297 1088 3350 est.
1106 3287 1200 3350 datur
1223 3306 1237 3353 7

74 3373 159 3436 haec
181 3375 277 3435 venia
300 3374 492 3458 antiquitati,
515 3383 550 3436 ut
572 3373 739 3436 miscendo
763 3373 904 3436 humana
927 3374 1042 3436 divinis
1065 3374 1202 3457 primor-

75 3459 128 3521 dia
152 3458 280 3520 urbium
305 3460 491 3542 augustiora
512 3458 624 3539 faciat3
645 3468 681 3522 ‘et
704 3461 729 3523 si
754 3460 804 3522 cui
824 3459 945 3543 populo
962 3459 1059 3523 licere
1076 3469 1205 3543 oportet

75 3567 267 3608 consecrare
291 3547 431 3628 origines
455 3567 530 3607 suas
564 3555 596 3607 et
627 3545 669 3608 ad
702 3545 779 3608 deos
812 3545 933 3608 referre
968 3555 1134 3608 auctores:
1165 3567 1211 3604 ea

73 3630 151 3694 belli
176 3631 281 3714 gloria
305 3644 355 3693 est
380 3629 499 3713 populo
516 3630 674 3715 Romano,
697 3641 745 3714 ut,
761 3653 840 3695 cum
854 3653 957 3693 suum
970 3629 1236 3700 sonnxsorxsuse

74 3719 125 3781 sui
149 3728 314 3800 parentem
339 3716 478 3782 Martem
503 3719 716 3805 potissimum
744 3719 848 3802 ierat,
873 3727 950 3780 tam
977 3724 1019 3776 et
1030 3713 1111 3772 *noo
1133 3712 1264 3846 235thss

111 3818 212 3851 22leAE
