2738 4146
119 116 178 173 126
377 130 484 178 LIBER
505 130 574 179 XXI.
594 129 668 178 GAP.
689 132 730 178 25.
749 132 790 179 26.
811 129 844 197 [a.
864 129 896 180 U.
916 144 941 179 c.
959 128 1033 197 536}

131 302 344 367 clllasonem.
381 300 412 364 id
442 324 572 448 quoque
600 301 734 365 dubium
762 310 818 380 est,
843 299 940 382 legati
962 300 1002 364 ad
1027 300 1299 387 expostulandum

166 391 254 452 missi
277 387 318 450 ad
342 387 438 451 Boios
461 389 512 451 vio
528 390 570 450 ati
592 389 663 468 sint,
687 409 728 450 an
750 389 781 450 in
804 389 988 451 triumviros
1012 409 1125 471 agrum
1141 397 1300 452 metantes

131 477 303 559 timpetus
332 475 373 537 sit
398 473 511 537 factus.
551 472 694 536 Mutinae
722 495 796 536 cum
824 472 1059 554 obsiderentur,
1088 482 1121 536 et
1147 495 1227 556 gens
1256 474 1296 537 ad

167 559 457 646 oppugnandarum
482 558 613 623 urbium
640 568 724 622 artes
752 558 841 622 rudis
890 561 1065 644 pigerrima
1103 562 1220 623 eadem
1258 560 1299 624 ad

129 647 314 712 amilitaria
347 666 454 731 opera,
499 646 605 725 segnis
642 646 768 708 intactis
806 645 971 708 adsideret
1008 647 1117 725 muris,
1156 644 1300 710 simulari

166 741 316 818 coeptum
344 729 385 794 de
411 749 493 816 pace
521 733 582 812 agi,
611 733 800 815 evocatique
829 730 869 793 ab
900 729 1070 793 Gallorum
1097 732 1299 818 principibus

164 816 261 901 legati
293 816 333 879 ad
367 814 573 901 conloquium
604 839 669 880 non
700 824 812 880 contra
841 818 890 880 ius
919 816 1016 880 modo
1044 818 1200 899 gentium,
1240 818 1299 882 sed

166 904 284 967 violata
306 904 519 987 etiamque
543 901 618 965 data
639 904 671 965 in
692 901 725 965 id
749 912 877 986 tempus
901 912 978 981 erat,
1007 900 1073 964 fide
1096 903 1298 989 conprehen-

166 989 294 1067 duntur,
317 990 509 1070 negantibus
534 987 646 1071 Gallis,
669 989 729 1051 nisi
752 987 882 1051 obsides
906 987 966 1051 sibi
988 987 1214 1071 redderentur,
1243 1011 1299 1054 eos

128 1095 144 1143 8
166 1075 364 1139 dimissuros.
394 1097 468 1137 cum
496 1073 577 1138 haec
601 1071 778 1156 delegatis
801 1075 946 1137 nuntiata
975 1083 1090 1152 essent,
1120 1083 1153 1137 et
1174 1075 1300 1139 Mutina

164 1160 427 1247 praesidiumque
465 1161 496 1221 in
534 1158 679 1245 periculo
717 1168 811 1238 esset,
849 1159 887 1222 L.
917 1159 1057 1224 Manlius
1088 1169 1221 1245 praetor
1251 1163 1300 1225 ira

129 1268 145 1316 9
165 1267 320 1311 accensus
345 1246 482 1309 effusum
505 1267 622 1328 agmen
645 1244 685 1309 ad
709 1244 865 1309 Mutinam
883 1245 978 1308 ducit.
1003 1245 1104 1309 silvae
1120 1256 1197 1311 tunc
1213 1249 1311 1312 circa'

164 1336 251 1397 viam
279 1341 370 1397 crant
394 1330 560 1418 plerisque
587 1329 724 1396 incultis.
762 1329 807 1395 ibi
837 1330 1039 1418 inexplorato
1070 1332 1237 1418 profectus
1264 1336 1296 1397 in

164 1419 295 1483 insidias
317 1419 548 1504 praecipitatur
569 1416 735 1502 multaque
763 1440 836 1481 cum
864 1416 964 1481 caede
987 1439 1120 1482 suorum
1144 1440 1244 1502 aegre
1266 1421 1298 1483 in

114 1523 147 1570 10
165 1513 294 1589 apertos
317 1526 448 1589 campos
472 1506 610 1567 emersit.
634 1502 680 1567 ibi
702 1513 807 1567 castra
823 1505 1028 1584 communita,
1045 1513 1086 1585 et,
1103 1506 1180 1589 quia
1196 1503 1298 1570 Gallis

165 1592 204 1652 ad
238 1591 426 1677 temptanda
458 1611 497 1653 ea
527 1589 629 1653 defuit
655 1611 738 1675 spes,
771 1590 883 1653 refecti
917 1598 991 1653 sunt
1021 1588 1157 1654 militum
1191 1593 1298 1674 animi,

32 1739 34 1743 ,
114 1696 144 1742 11
166 1698 361 1763 quamquam
381 1675 421 1740 ad
439 1677 630 1761 quingentos
646 1675 802 1739 cecidisse
819 1677 895 1739 satis
911 1674 1087 1739 constabat
1103 1677 1165 1740 iter
1181 1677 1299 1742 deinde

166 1766 206 1824 de
228 1765 354 1845 integro
378 1771 538 1848 coeptum,
566 1783 637 1842 nec,
662 1759 739 1825 dum
761 1783 820 1848 per
854 1763 997 1848 patentia
1022 1759 1096 1826 loca
1118 1761 1300 1829 ducebatur

114 1869 146 1916 12
165 1870 290 1931 agmen,
313 1870 451 1934 usquam
474 1849 623 1934 apparuit
644 1846 762 1926 hostis3
799 1845 857 1912 ubi
883 1869 994 1911 rursus
1023 1846 1124 1912 silvae
1149 1851 1298 1934 intratae,

163 1945 232 1999 tum
262 1943 444 2020 postremos
478 1933 584 1997 adorti
615 1956 688 1997 cum
721 1955 840 2016 magna
864 1933 1078 2020 trepidatione
1110 1956 1150 1998 ac
1175 1958 1299 2021 pavore

165 2023 306 2084 omnium
330 2022 548 2105 septingentos
571 2017 686 2084 milites
710 2020 908 2100 occiderunt,
932 2041 992 2084 sex
1015 2022 1107 2101 signa
1132 2019 1298 2087 ademere.

114 2129 146 2176 13
163 2105 235 2170 finis
259 2115 291 2169 et
314 2103 416 2169 Gallis
438 2105 607 2168 territandi
623 2115 655 2168 et
675 2104 818 2192 pavendi
839 2104 899 2168 fuit
919 2105 1083 2184 Romanis,
1107 2115 1144 2171 ut
1165 2129 1184 2171 e
1214 2108 1298 2174 saltu

163 2194 251 2256 invio
275 2200 370 2276 atque
392 2191 547 2277 impedito
564 2213 708 2256 evasere.
725 2191 801 2255 inde
817 2193 936 2276 apertis
951 2189 1030 2256 locis
1046 2190 1140 2256 facile
1155 2201 1298 2260 tutantes

165 2299 280 2361 agmen
307 2277 444 2341 Romani
470 2277 661 2358 Tannetum,
695 2279 804 2342 vicum
834 2279 1051 2364 propinquum
1082 2277 1185 2362 Pado,
1223 2303 1298 2349 con·
1362 2342 1368 2357 „

114 2388 147 2435 14
163 2363 307 2427 tendere.
344 2363 390 2427 ibi
427 2385 461 2427 se
499 2366 697 2428 munimento
742 2363 784 2427 ad
827 2372 955 2449 tempus
998 2365 1299 2454 commeatibusque

163 2449 302 2514 fluminis
330 2459 362 2513 et
387 2449 613 2514 Brixianorum
647 2450 740 2513 etiam
775 2447 944 2514 Gallorum
980 2448 1101 2515 auxilio
1138 2451 1299 2520 adversus

164 2546 362 2600 crescentem
384 2538 417 2600 in
442 2537 510 2600 dies
533 2535 770 2600 multitudinem
793 2535 931 2600 hostiurn
955 2534 1152 2600 artabantur.
1319 2596 1323 2605 .

128 2643 141 2690 1
266 2621 391 2685 XXVI.
417 2619 481 2699 Qui
503 2620 658 2686 tumultus
674 2642 791 2708 repens
806 2630 978 2708 postquam
1001 2631 1051 2686 est
1071 2623 1210 2688 Romam
1224 2646 1298 2711 pcr-

164 2707 257 2790 latus,
296 2717 328 2771 et
358 2707 517 2771 Punicum
548 2710 680 2795 insuper
713 2705 839 2772 Gallico
871 2705 992 2771 bellum
1025 2717 1156 2774 auctum
1188 2720 1298 2797 patres

127 2803 368 2880 accceperuut,
394 2792 429 2857 Ο.
454 2792 586 2857 Atilium
608 2802 793 2880 praetorem
817 2816 891 2858 cum
915 2816 979 2858 una
1001 2792 1129 2877 legione
1150 2796 1300 2862 Romans

165 2890 197 2943 et
224 2879 365 2964 quinque
392 2879 522 2944 milibus
552 2883 713 2945 sociorum
741 2877 861 2944 dilectu
890 2902 974 2945 novo
1002 2902 1023 2943 a
1051 2881 1185 2946 consule
1224 2906 1297 2949 con·

164 2967 290 3052 scriptis
314 2963 468 3028 auxilium
491 2964 577 3029 ferre
600 2964 719 3029 Manlio
742 2964 863 3047 iubent,
907 2968 940 3030 ui
954 2967 1023 3031 sine
1038 2965 1104 3032 ullo
1121 2973 1299 3035 certamine

166 3088 202 3098 -
228 3051 455 3116 abscesserant
478 3053 560 3116 enim
585 3061 673 3115 metu
697 3052 805 3116 hostes
827 3087 870 3096 —
923 3062 1074 3118 annetum
1095 3058 1255 3140 pervenit.

125 3163 142 3210 3
265 3137 310 3200 Et
331 3137 368 3200 P.
385 3135 553 3202 Cornelius
574 3138 607 3200 in
622 3136 730 3202 locum
747 3140 825 3219 eius,
845 3160 927 3223 quae
943 3141 1041 3204 missa
1057 3162 1130 3204 eum
1146 3151 1300 3228 praetore

164 3233 242 3304 erat,
265 3225 386 3310 scripta
408 3221 534 3307 legione
556 3246 642 3288 nova
663 3224 828 3308 profectus
851 3222 892 3286 ab
909 3224 990 3288 urbe
1007 3228 1179 3309 sexaginta
1192 3226 1299 3314 longis

163 3309 299 3375 navibus
322 3321 451 3396 praeter
473 3332 563 3374 oram
586 3309 735 3374 Etruriae
753 3310 974 3395 Ligurumque
990 3320 1022 3375 et
1036 3311 1112 3375 inde
1127 3311 1298 3380 Saluvium

163 3405 288 3460 montes
311 3399 460 3482 pervenit
482 3395 659 3460 Massiliam
684 3397 777 3459 etad
802 3397 987 3481 proximum
1011 3398 1128 3463 ostium
1143 3399 1298 3467 Rhodani

126 3510 205 3556 4-
226 3483 374 3568 pluribus
398 3484 480 3546 enim
506 3481 629 3546 divisus
657 3485 759 3546 amnis
786 3484 818 3545 in
845 3505 934 3546 mare
964 3484 1170 3550 decurrit-
1192 3497 1301 3554 carra

163 3566 257 3647 locat,
282 3567 417 3632 vixdum
440 3570 515 3632 satis
539 3569 676 3632 credens
694 3566 906 3632 Hannibalem
922 3592 1094 3655 superasse
1109 3563 1300 3658 Pyrenaeos

128 3683 144 3730 5
164 3664 298 3718 montes.
323 3675 420 3739 quem
442 3665 477 3718 ut
501 3654 540 3717 de
556 3653 704 3718 Rhodani
720 3676 849 3740 quoque
865 3659 1000 3721 transitu
1015 3658 1138 3740 agitare
1152 3662 1299 3741 animad-

163 3742 268 3818 vertit,
301 3743 451 3817 incertus,
491 3762 630 3824 quonam
663 3743 693 3804 ei
719 3739 791 3805 loco
820 3752 1015 3824 occurreret,
1049 3745 1192 3811 necdum
1220 3750 1300 3815 satis

158 3823 291 3888 reiectis
318 3825 361 3888 ab
390 3827 561 3890 iactatione
592 3829 750 3891 maritima
781 3826 945 3906 militibus,
977 3838 1140 3898 trecentos
1169 3834 1298 3900 interim

104 4086 131 4110 A
211 4082 227 4110 Ι
