2738 4146
402 143 514 194 cinna
532 143 604 194 xxt.
624 143 700 196 cnr.
721 149 744 198 ι.
763 142 798 213 [a.
817 143 851 196 U.
869 161 892 195 o.
910 143 981 212 uu
1222 134 1284 192 109

569 733 617 845 Τ.
655 733 812 843 LIVll

386 921 473 995 AB
503 920 681 996 URBE
712 921 999 997 CONDITA

564 1072 703 1138 LIBER
725 1074 819 1138 XXI.

201 1347 229 1412 Ι.
252 1347 291 1411 In
322 1358 416 1435 parte
448 1349 556 1433 operis
578 1351 643 1413 mei
673 1348 750 1413 licet
782 1347 862 1411 mihi
893 1348 1045 1434 praefari,
1079 1350 1168 1435 quod
1198 1351 1266 1418 in1

96 1434 262 1520 principio
286 1456 432 1498 summae
455 1436 556 1500 totius
571 1434 711 1518 professi
733 1433 881 1519 plerique
898 1445 973 1498 sunt
994 1458 1104 1499 rerum
1128 1437 1227 1520 scrip-

97 1536 201 1602 tores,
227 1519 349 1584 bellum
371 1521 514 1584 maxime
548 1522 691 1585 omnium
715 1519 936 1600 memorabile,
970 1541 1053 1604 quae
1076 1544 1229 1607 umquam

96 1616 191 1690 gesta
214 1608 287 1683 sint,
310 1628 363 1670 me
387 1607 594 1690 scripturum,
619 1606 719 1691 'quod
744 1606 927 1670 Hannibale
951 1607 1035 1670 duce
1058 1607 1228 1691 Carthagi-

96 1693 230 1756 nienses
252 1714 326 1757 curn
349 1691 473 1778 populo
492 1693 638 1756 Romano
662 1714 804 1776 gessere.
828 1715 904 1756 nam
925 1714 1033 1778 neque
1056 1692 1230 1757 validiores
1250 1714 1266 1760 a

97 1779 216 1863 opibus
239 1777 325 1842 ullae
348 1779 431 1842 inter
461 1800 496 1841 se
519 1779 669 1842 civitates
693 1787 873 1864 gentesque
896 1777 1103 1842 contulerunt
1126 1800 1226 1861 arma,

97 1886 208 1950 neque
231 1863 283 1928 his
305 1864 384 1947 ipsis
407 1874 533 1928 tantum
555 1887 709 1951 umquam
733 1864 850 1928 virium
874 1874 930 1928 aut
953 1863 1081 1928 roboris
1104 1865 1173 1946 fuit,
1198 1875 1230 1928 et

97 1950 185 2014 haud
218 1951 347 2034 ignotas
382 1949 460 2014 belli
493 1960 579 2015 artes
608 1952 694 2015 inter
724 1972 807 2033 sese,
845 1951 903 2014 sed
937 1960 1089 2035 expertas
1123 1953 1228 2034 primo

96 2035 222 2100 Punico
247 2035 463 2100 conserebant
484 2035 583 2118 bello,
616 2047 649 2101 et
670 2036 754 2101 adeo
788 2037 881 2099 varia
913 2036 1043 2100 fortuna
1072 2036 1150 2101 belli
1174 2060 1227 2100 an·

98 2144 245 2208 cepsque
260 2121 350 2186 Mars
365 2122 434 2202 fuit,
450 2132 486 2186 ut
501 2123 636 2209 propius
652 2121 832 2208 periculum
848 2123 979 2202 fuerint,
997 2123 1052 2208 qui
1067 2124 1226 2187 vicerunt.

97 2207 184 2272 odiis
200 2208 298 2272 etiam
313 2230 417 2294 prope
433 2209 611 2273 maioribus
628 2218 794 2273 certarunt
810 2231 909 2294 quam
924 2209 1058 2285 viribus,
1074 2209 1228 2274 Romanis
1247 2231 1263 2278 3

95 2292 354 2378 indignantibus,
389 2295 478 2380 quod
509 2294 689 2360 victoribus
716 2295 796 2358 victi
828 2293 913 2358 ultro
948 2295 1106 2359 inferrent
1127 2317 1226 2375 arma,

95 2379 229 2460 Poenis,
254 2380 342 2465 qnod
358 2380 500 2466 superbe
515 2402 679 2466 avareque
696 2381 867 2444 crederent
885 2381 1107 2464 imperitatum
1130 2382 1226 2444 victis

97 2487 181 2530 esse.
205 2465 299 2529 ¹fama
333 2476 383 2530 est
414 2467 511 2531 etiam
545 2465 763 2531 Hannibalem
795 2488 954 2530 annorum
983 2467 1086 2530 ferme
1108 2489 1266 2537 novem4

96 2550 269 2636 pueriliter
292 2549 514 2617 blandientem
535 2553 621 2638 patri
641 2552 831 2626 Hamilcari,
855 2563 891 2616 ut
914 2552 1088 2616 duceretur
1110 2554 1143 2615 in
1169 2553 1226 2615 Hi-

95 2638 256 2722 spaniam,
279 2660 352 2703 cum
374 2638 521 2724 perfecto
537 2638 648 2703 Africo
664 2638 750 2703 bello
768 2639 947 2702 exercitum
971 2659 1009 2702 eo
1032 2639 1227 2702 traiecturus

96 2723 308 2804 sacrificaret,
340 2724 497 2790 altaribus
529 2725 695 2789 admotum
729 2725 824 2788 tactis
856 2725 956 2787 sacris
988 2725 1058 2787 iure
1090 2724 1226 2788 iurando

95 2811 252 2875 adactum
263 2832 308 2894 se,
324 2832 398 2875 cum
413 2812 554 2896 primum
568 2819 691 2896 posset,
707 2810 834 2874 hostem
850 2810 920 2873 fore
936 2808 1058 2894 populo
1068 2811 1224 2875 Romano.

95 2896 263 2980 angebant
284 2897 424 2980 ingentis
440 2897 572 2982 spiritus
587 2898 694 2960 virum
710 2896 818 2960 Sicilia
834 2895 1049 2982 Sardiniaque
1072 2898 1226 2961 amissae:
1246 2907 1263 2954 5

93 3004 171 3046 nam
196 2992 230 3046 et
245 2981 386 3046 Siciliam
402 2984 498 3047 nimis
522 2983 620 3048 celeri
638 2982 865 3067 desperatione
889 3005 998 3046 rerum
1023 3004 1224 3062 concessam,

95 3078 129 3134 et
166 3067 349 3133 Sardiniam
389 3070 474 3133 inter
513 3079 639 3134 motum
676 3068 807 3132 Africae
853 3068 967 3132 fraude
1004 3068 1224 3133 Romanorum

95 3155 262 3241 stipendio
287 3154 385 3219 etiam
406 3155 540 3240 insuper
561 3154 702 3240 inposito
725 3155 950 3236 interceptam.

198 3241 243 3304 11.
268 3240 327 3305 His
350 3242 466 3306 anxius
490 3241 576 3305 curis
598 3243 644 3304 ita
666 3262 702 3304 se
716 3239 827 3303 Africo
850 3239 948 3321 bello,
973 3239 1061 3324 quod
1082 3239 1142 3302 fuit
1164 3238 1224 3303 sub
1248 3253 1261 3299 1

93 3337 259 3392 recentem
281 3327 461 3392 Romanam
492 3349 617 3412 pacem,
649 3349 709 3412 per
731 3328 873 3411 quinque
896 3347 1007 3405 annos,
1039 3327 1084 3388 ita
1107 3325 1225 3389 deinde

92 3435 213 3480 novem
238 3414 330 3478 annis
360 3414 394 3476 in
415 3413 577 3498 Hispania
609 3412 759 3496 augendo
784 3412 908 3474 Punico
940 3412 1078 3496 imperio
1113 3412 1262 3494 gessit,2

92 3511 129 3565 ut
151 3508 328 3585 appareret
359 3501 463 3564 maius
498 3522 583 3581 eum,
619 3520 716 3583 quam
748 3498 837 3584 quod
870 3507 1008 3581 gereret,
1042 3497 1166 3579 agitare
1190 3497 1224 3559 in

91 3589 200 3652 animo
217 3584 351 3668 bellum,
376 3594 418 3667 et,
442 3587 469 3650 si
492 3587 612 3649 diutius
627 3586 773 3667 vixisset,
789 3583 977 3648 Hamilcare
994 3584 1077 3647 duce
1094 3581 1223 3647 Poenos

91 3695 184 3739 arma
198 3671 316 3738 Italiae
330 3671 487 3736 inlaturos
501 3672 612 3754 fuisse,
637 3672 687 3736 cui
703 3670 896 3735 Hannibalis
913 3670 1014 3733 ductu
1036 3667 1223 3733 intulerunt.

89 3782 179 3827 mors
200 3755 400 3825 Hamilcaris
431 3767 676 3844 peropportuna
708 3765 741 3821 et
771 3757 910 3841 pueritia
937 3753 1132 3818 Hannibalis
1162 3754 1230 3815 dia·
1246 3771 1270 3813 a

89 3844 244 3921 ualeam·
258 3842 393 3917 bollum.
420 3844 547 3910 medius
569 3839 763 3909 Hasdrubal
783 3843 872 3910 inter
904 3850 1046 3930 patrem
1076 3859 1122 3902 aa
1140 3836 1260 3898 ‘iulium
