2738 4146
258 175 261 181 -
364 148 474 199 manu
491 148 721 200 axionum.
742 153 783 200 rc.
804 150 1021 220 [aucam
1218 143 1276 200 121

86 319 230 388 consilio
253 318 434 400 Saguntum
456 342 498 405 op
522 329 698 403 ugnantem
714 321 955 407 deposcebatis3
980 333 1124 389 ceterum
1147 323 1229 390 haec

88 408 213 492 legatio
234 404 345 470 verbis
368 404 476 470 adhuc
498 342 602 471 lenior
624 415 681 485 est,
705 428 741 471 re
764 411 917 493 asperior.
941 419 1018 474 tunc
1041 412 1126 475 enim
1141 410 1264 480 Han-o

86 492 183 559 nibal
206 501 239 556 et
259 489 506 557 insimulabatur
536 500 569 555 et
595 491 847 575 deposcebatur:
880 516 965 559 nunc
997 495 1038 559 ab
1070 495 1164 561 nobis
1197 508 1229 562 et

86 579 256 646 confessio
288 576 404 664 culpae
426 578 618 664 exprimitur
641 587 674 642 et
694 587 730 643 ut
752 601 771 643 a
793 579 948 645 confessis
980 604 1031 646 res
1064 583 1228 669 extemplo

86 674 296 753 repetuntur.
329 684 389 745 ego
412 672 521 729 autem
542 684 617 744 non,
648 666 775 749 privato
808 665 982 752 publicone
1015 667 1148 733 consilio
1171 673 1265 738 Sat

84 761 232 836 guntum
255 757 477 837 oppugnatum
499 750 548 831 sit,
583 750 805 835 quaerendum
837 774 996 831 censeam,
1030 754 1087 817 sed
1120 765 1227 822 utrum

85 842 165 903 iure
189 859 231 901 an
260 834 390 900 iniuria:
423 843 534 899 nostra
566 836 651 900 enim
674 834 756 901 haec
788 840 932 922 quaestio
965 848 1061 925 atque
1084 841 1262 911 animadr

83 925 203 988 versio
233 923 267 986 in
289 923 396 986 civem
416 931 563 986 nostrum
594 931 651 1000 est,
686 923 762 1008 quid
797 933 907 989 nostro
938 935 994 988 aut
1026 949 1084 990 suo
1115 926 1228 992 fecerit

85 1009 243 1087 arbitri03
267 1006 437 1072 vobiscum
458 1029 524 1070 una
546 1006 735 1093 disceptatio
759 1020 816 1089 est,
840 1009 1008 1074 licueritne
1030 1034 1089 1098 per
1111 1012 1226 1079 foedus
1329 1077 1331 1081 ,

86 1096 176 1160 fieri.
199 1096 308 1181 itaque
331 1094 482 1178 quoniam
505 1093 644 1158 discerni
667 1093 781 1180 placet,
815 1096 893 1181 quid
924 1095 1055 1182 publico
1080 1099 1222 1181 consilio,
1248 1122 1264 1171 8

84 1181 174 1269 quid
197 1202 257 1245 sua
279 1189 393 1267 sponte
413 1181 626 1264 imperatores
649 1179 776 1260 faciant,
803 1181 897 1246 nobis
919 1182 1089 1248 vobiscum
1111 1185 1226 1250 foedus

85 1277 146 1333 est
167 1290 187 1331 a
209 1264 245 1330 0.
269 1265 399 1330 Lutatio
422 1263 554 1329 consule
569 1268 678 1348 ictum,
701 1268 731 1329 in
755 1289 819 1353 quo
845 1290 919 1332 cum
950 1280 1120 1334 caveretur
1141 1280 1227 1336 utro-

86 1373 235 1440 rumque
265 1353 371 1433 sociis,
393 1349 473 1414 nihil
496 1350 537 1415 de
572 1350 754 1435 Saguntinis
781 1389 815 1398 —
846 1354 987 1419 necdum
1018 1359 1103 1420 enim
1135 1368 1227 1422 erant

84 1441 175 1506 socii
197 1439 297 1502 vestri
322 1474 357 1483 -
383 1446 514 1502 cautum
537 1446 595 1502 est
628 1447 661 1502 at
687 1440 771 1503 enim
804 1461 841 1503 eo
864 1439 1006 1512 foedere.
1041 1442 1127 1527 quod
1152 1456 1263 1509 cuma

88 1521 305 1590 Hasdrubale
326 1525 427 1588 ictum
448 1530 506 1602 est,
529 1521 696 1607 Saguntini
720 1527 932 1611 excipiuntur.
956 1527 1113 1593 adversus
1138 1530 1226 1615 quod

91 1634 159 1696 ego
181 1607 262 1675 nihil
285 1610 429 1674 dicturus
452 1632 533 1689 rum,
557 1611 617 1674 nisi
640 1609 727 1696 quod
751 1633 770 1674 a
793 1610 885 1676 vobis
909 1611 1015 1676 didici.
1048 1637 1106 1678 vos
1130 1618 1277 1695 enim,10

84 1696 183 1785 quod
206 1695 243 1761 0.
266 1693 414 1760 Lutatius
436 1693 549 1759 consul
581 1697 685 1782 primo
708 1696 877 1762 nobiscum
905 1697 1019 1762 foedus
1055 1702 1118 1782 icit,
1151 1705 1227 1787 quia

84 1805 202 1869 neque
223 1803 267 1846 ex
300 1783 490 1846 auctoritate
519 1790 648 1868 patrum
678 1803 740 1846 nec
761 1782 873 1869 populi
902 1786 992 1848 iussu
1013 1787 1113 1850 ictum
1147 1798 1224 1869 erat,

85 1870 235 1953 negastis
250 1890 311 1933 vos
327 1888 365 1932 eo
387 1869 504 1946 teneri;
526 1870 635 1953 itaque
652 1866 736 1933 aliud
755 1869 796 1932 de
816 1871 940 1952 integro
956 1869 1070 1935 foedus
1093 1871 1224 1959 publico

84 1953 229 2022 consilio
262 1954 362 2019 ictum
394 1962 451 2019 est.
484 1955 511 2018 si
540 1976 600 2018 vos
630 1975 696 2018 non
726 1964 837 2018 tenent
858 1955 992 2020 foedera
1026 1968 1134 2022 vestra
1164 1962 1225 2024 nisi
1244 1975 1274 2021 11

84 2064 138 2106 ex
158 2042 349 2106 auctoritate
371 2049 427 2105 aut
446 2042 538 2104 iussu
559 2049 667 2104 vestro
689 2043 761 2123 icta,
785 2063 825 2104 ne
848 2040 906 2106 nos
930 2043 1061 2128 quidem
1078 2044 1223 2111 Hasdru·

87 2125 177 2192 balis
197 2124 323 2205 foedus,
347 2125 433 2212 quod
450 2124 544 2190 nobis
565 2128 674 2190 insciis
696 2129 760 2206 icit,
784 2125 929 2210 obligare
951 2132 1063 2216 potuit.
1087 2132 1224 2219 proinde
1244 2149 1276 2197 12

85 2215 229 2280 omittite
255 2210 391 2294 Sagunti
419 2220 517 2298 atque
538 2210 655 2277 Hiberi
685 2215 880 2279 mentionem
910 2214 1027 2297 facere,
1060 2226 1101 2298 et,
1135 2219 1221 2304 quod
1290 2232 1292 2236 “

89 2299 151 2364 diu
171 2299 310 2387 parturit
331 2300 455 2363 animus
477 2306 597 2376 vester,
621 2296 793 2384 aliquando
816 2299 951 2386 pariat.“
976 2311 1043 2367 tum
1059 2302 1223 2369 Romanus
1244 2321 1276 2370 13

84 2388 166 2451 sinu
188 2406 231 2448 ex
260 2393 339 2467 toga
370 2383 455 2449 facto
491 2382 584 2465 „hic“
616 2387 719 2470 inquit
749 2386 862 2467 „vobis
893 2385 1016 2452 bellum
1048 2398 1080 2452 et
1109 2412 1224 2475 pacem

82 2480 275 2559 portamus:
306 2479 415 2535 utrum
444 2468 563 2556 placet,
596 2470 742 2534 sumite“.
781 2472 841 2536 sub
873 2472 955 2537 hanc
992 2496 1107 2539 vocem
1136 2474 1223 2540 haud

87 2559 198 2623 minus
220 2554 383 2639 ferociter,
417 2555 519 2632 daret,
550 2565 660 2621 utrum
691 2556 798 2640 vellet,
831 2557 1063 2625 succlamatum
1094 2570 1157 2641 est3
1192 2571 1225 2626 et
1243 2580 1276 2629 14

82 2644 216 2709 cumis
237 2643 356 2723 iterum
378 2643 450 2707 sinu
472 2640 574 2707 effuso
597 2641 720 2707 bellum
744 2643 821 2707 dare
845 2644 988 2723 dixisset,
1017 2648 1166 2733 accipere
1188 2670 1224 2713 se

84 2750 204 2795 omnes
228 2728 464 2815 responderunt
486 2737 527 2806 et,
551 2728 668 2813 quibus
691 2731 876 2816 acciperent
899 2733 1021 2813 animis,
1049 2734 1165 2799 iisdem
1188 2757 1223 2799 se

114 2824 251 2880 esturos.

81 2838 114 2900 g
194 2898 289 2963 XIX.
320 2897 414 2965 Haec
445 2899 578 2964 derecta
597 2904 818 2987 percunctatio
851 2925 889 2966 ac
918 2903 1114 2970 denuntiatio
1148 2905 1257 2972 bellil

83 2987 194 3070 magis
218 3008 259 3051 ex
275 2985 429 3070 dignitate
443 2985 555 3074 populi
575 2984 712 3051 Romani
726 2990 797 3051 visa
820 2997 869 3051 est
884 3011 981 3074 quam
997 2991 1039 3053 de
1053 2991 1222 3057 foederum

80 3074 160 3138 iure
175 3071 286 3137 verbis
302 3072 495 3158 disceptare,
512 3094 586 3136 cum
602 3082 685 3153 ante,
701 3082 770 3137 tum
785 3076 926 3138 maxime
942 3074 1085 3158 Sagunto
1102 3081 1220 3142 excisa.

82 3180 165 3224 nam
187 3160 215 3224 si
236 3157 412 3223 verborum
435 3157 674 3244 disceptationis
697 3180 749 3223 res
772 3168 866 3230 esset.
898 3162 973 3246 quid
999 3161 1114 3226 foedus
1137 3163 1257 3227 Has-2

87 3242 236 3310 drubalis
251 3266 327 3310 cum
340 3242 460 3308 Lutatii
481 3247 589 3332 priore
604 3244 747 3324 foedere,
772 3245 859 3331 quod
880 3257 1037 3311 mutatum
1054 3258 1111 3328 est,
1135 3272 1221 3314 com-

81 3329 272 3420 parandum
307 3325 398 3394 erat?
434 3352 509 3396 cum
540 3333 573 3394 in
604 3330 724 3395 Lutatii
754 3331 887 3395 foedere
920 3333 1038 3397 diserte
1076 3333 1256 3399 addituma

83 3425 185 3495 esset,
207 3418 254 3481 ita
274 3415 307 3481 id
323 3424 429 3480 ratum
443 3415 524 3496 fore,
548 3419 575 3482 si
590 3415 729 3504 populus
746 3421 933 3499 censuisset,
956 3421 989 3482 in
1004 3419 1221 3486 Hasdrubalis

82 3501 221 3578 foedere
242 3523 305 3567 nec
327 3511 501 3589 exceptum
523 3501 587 3566 tale
610 3505 783 3589 quicquam
805 3503 910 3578 fuerit,
943 3514 975 3568 et
996 3514 1043 3569 tot
1065 3528 1220 3571 annorum

83 3588 214 3655 silentio
235 3590 282 3653 ita
310 3589 386 3653 vivo
417 3609 456 3653 ec
479 3587 715 3675 conprobatum
746 3593 787 3654 sit
807 3590 933 3670 foedus,
966 3601 1001 3654 ut
1031 3613 1072 3654 ne
1095 3602 1221 3658 mortuo

108 3675 219 3741 uidem
241 3683 374 3739 auctore
396 3675 569 3760 quicquam
591 3684 778 3739 mutaretur.
803 3698 1007 3762 quamquam,
1032 3680 1091 3741 etsi
1113 3681 1222 3765 priore

81 3698 220 3827 Scedere
243 3767 392 3830 staretur,
426 3762 501 3824 satis
534 3771 663 3826 cautum
687 3771 756 3825 erat
778 3761 973 3845 Saguntinis,
1007 3766 1101 3828 sociis
1134 3776 1220 3830 utro·

83 3870 224 3935 rumque
256 3848 416 3932 exceptis:
446 3868 522 3911 nam
553 3869 659 3934 neque
694 3847 843 3913 additum
872 3858 944 3912 erat
979 3851 1047 3931 pis,
1065 3853 1126 3935 uui
1142 3862 1226 3913 tuuc
1245 3871 1267 3915 n
