2738 4146
45 124 155 182 ,ΞΜ
264 199 266 203 Υ
394 138 503 187 urana
521 138 569 187 111.
588 136 663 189 cnr.
683 141 724 188 so.
745 137 778 204 [a.
797 137 829 188 a.
849 153 871 188 e.
891 136 960 204 aeq.

143 320 274 392 spectus
299 318 357 389 est,
391 309 538 373 strictum
561 306 658 370 etiam
680 307 781 370 telum
803 329 1039 392 respersusque
1062 303 1135 393 ipse
1158 330 1270 373 cruore

141 401 217 457 tota'
235 395 267 456 in
291 417 326 458 se
350 403 458 457 castra
486 393 653 456 convertit.
690 403 721 456 et
743 403 839 476 togae
862 392 1071 456 multifariam
1102 395 1135 458 in
1161 397 1270 459 castris

141 480 231 543 visae
254 481 384 543 maioris
407 479 583 565 aliquanto,
609 499 705 560 quam
729 489 807 558 erat,
832 480 975 566 speciem
997 478 1145 544 urbanae
1168 479 1269 544 multi·

107 579 124 627 4
141 565 262 629 tudinis
277 565 430 630 fecerant.
455 564 695 649 quaerentibus,
713 565 791 648 quid
806 567 854 629 rei
870 574 965 646 esset,
987 563 1068 629 flens
1086 565 1142 629 diu
1158 588 1269 631 vocem
1316 579 1318 585 ’

141 672 207 715 non
229 652 330 732 misit3
362 651 505 733 tandem,
538 659 574 713 ut
605 651 669 714 iam
704 671 747 713 ex
768 650 987 736 trepidatione
1010 654 1269 733 concurrentium

142 735 240 801 turba
271 738 413 801 constitit
443 758 482 800 ae
514 735 676 799 silentium
707 735 777 817 fnit,
811 736 924 800 ordine
953 745 1080 818 cuncta,
1113 747 1151 800 ut
1182 748 1271 822 gesta

108 833 242 903 serant,
267 825 428 909 exposuit.
452 823 583 907 supinas
607 821 725 885 deinde
746 822 882 887 tendens
905 844 1019 889 manus
1036 820 1269 889 commilitones

143 907 310 995 appellans
334 908 458 990 orabat,
486 930 536 988 ne,
570 908 658 992 quod
691 907 796 971 scelus
828 910 857 970 A
885 901 1046 973 .'Olaudii
1077 918 1176 989 esset,
1209 909 1267 974 sibi

142 994 357 1059 attribuerent
388 1016 452 1058 neu
490 1017 525 1057 se
556 1007 592 1057 ut
626 994 823 1078 parricidam
859 930 1000 1058 liberum
1030 1005 1267 1060 aversarentur.

107 1079 204 1144 osibi
226 1082 326 1145 vitam
349 1079 436 1144 filiae
459 1102 518 1143 sua
540 1080 700 1143 cariorem
721 1079 830 1156 fuisse,
864 1081 891 1144 si
912 1078 1036 1145 liberae
1069 1101 1109 1144 ac
1130 1081 1268 1166 pudicae

141 1169 254 1230 vivere
290 1165 414 1230 licitum
451 1165 578 1247 fuisset3
620 1187 693 1229 oum
731 1165 823 1229 velut
860 1187 988 1230 servam
1024 1167 1097 1251 rapi
1134 1167 1268 1248 videret,

141 1262 247 1315 morte
292 1251 396 1314 amitti
440 1250 554 1314 melius
599 1261 704 1315 ratum
752 1273 849 1335 quam
897 1249 1094 1316 contumelia
1134 1250 1267 1334 liberos,

108 1355 123 1403 7
142 1338 365 1419 misericordia
381 1359 415 1400 se
432 1338 464 1399 in
487 1337 630 1421 speciem
646 1336 845 1400 crudelitatis
861 1335 998 1422 lapsum.
1021 1358 1082 1402 nec
1098 1359 1134 1401 se
1160 1360 1268 1424 super·

142 1426 250 1487 stitem
271 1422 357 1486 filiae
387 1422 531 1486 futurum
564 1421 674 1503 fuisse,
705 1423 768 1486 nisi
799 1446 891 1507 spem
923 1422 1132 1488 ulciscendae
1160 1426 1268 1488 mortis

142 1510 211 1572 eius
233 1511 265 1571 in
289 1507 409 1574 auxilio
433 1508 688 1572 commilitonum
717 1507 895 1572 habuisset.
934 1507 997 1572 illis
1031 1531 1097 1594 quo
1124 1533 1165 1574 ue
1189 1512 1268 1575 enim

141 1594 387 1680 filias,sorores
411 1595 630 1680 coniugesque
646 1617 729 1677 esse,
752 1617 813 1658 nec
836 1617 910 1659 oum
932 1593 999 1659 filia
1022 1617 1082 1659 sua
1100 1531 1268 1660 libidinem

141 1681 206 1765 Ap.
240 1679 369 1745 Claudii
400 1681 575 1744 extinctam
608 1703 689 1756 esse,
729 1681 787 1743 sed
825 1702 889 1766 quo
927 1681 1106 1766 inpunitior
1144 1682 1196 1764 sit,
1233 1703 1268 1746 eo

105 1767 379 1834 soffrenatiorem
411 1766 490 1829 fore.
529 1765 634 1830 aliena
665 1765 851 1830 calamitate
889 1766 1122 1831 documentum
1161 1767 1268 1832 datum

141 1852 204 1917 illis
227 1853 392 1917 cavendae
416 1851 529 1916 similis
553 1853 695 1916 iniuriae.
721 1852 809 1938 quod
833 1852 874 1915 ad
898 1874 932 1916 se
956 1854 1101 1926 attineat,
1133 1867 1268 1918 uxorem

141 1938 202 2003 sibi
233 1939 299 2002 fato
331 1948 487 2021 ereptam,
519 1937 629 2019 filiam,
664 1938 740 2023 quia
770 1959 835 2002 non
865 1937 951 2001 ultra
984 1938 1106 2022 pudica
1142 1939 1268 2005 victura

106 2024 247 2104 afuerit,
271 2024 435 2104 miseram,
459 2023 517 2086 sed
542 2023 710 2087 honestam
733 2033 869 2088 mortem
887 2023 1096 2107 occubuisse3
1119 2047 1186 2089 non
1202 2046 1269 2089 esse

140 2112 204 2174 iam
228 2108 330 2195 Appii
353 2109 479 2173 libidini
510 2107 617 2173 locum
648 2109 681 2172 in
716 2109 812 2173 domo
836 2131 908 2190 sua3
947 2108 987 2172 ab
1020 2109 1083 2173 alia
1117 2110 1271 2175 violentia

142 2197 212 2261 eius
234 2197 351 2259 eodem
373 2217 408 2260 se
431 2196 538 2260 animo
562 2217 656 2260 suum
680 2216 798 2279 eorpus
812 2196 1063 2277 vindicaturum,
1087 2218 1152 2282 quo
1169 2196 1270 2262 vindi·

91 2283 266 2346 locaverit
288 2281 388 2361 filiae3
422 2283 522 2345 ceteri
546 2281 607 2346 sibi
630 2302 669 2345 ao
691 2280 802 2345 liberis
837 2283 902 2344 suis
934 2280 1151 2348 consulerent.
1190 2283 1269 2346 haec

141 2369 296 2451 Verginio
319 2366 510 2432 vociferanti
533 2366 754 2432 succlamabat
775 2365 949 2431 multitudo
971 2389 1034 2432 nec
1054 2366 1141 2432 illius
1168 2367 1269 2433 dolori

140 2477 202 2519 nee
225 2476 303 2519 suae
326 2453 470 2518 libertati
493 2476 528 2517 se
552 2453 728 2518 defuturos.
769 2462 801 2517 et
832 2454 972 2517 immixti
993 2453 1110 2517 turbae
1133 2452 1269 2519 militum

141 2543 242 2625 togati
264 2540 380 2603 eadem
402 2538 457 2602 illa
480 2540 645 2624 querendo
669 2539 891 2624 docendoque,
924 2548 1045 2625 quanto
1076 2540 1149 2604 visa
1173 2561 1268 2626 quam

141 2627 252 2691 audita
285 2627 466 2708 indigniora
496 2626 662 2710 potuerint
692 2625 807 2702 videri,
841 2623 937 2688 simul
969 2624 1176 2710 profligatam
1207 2628 1269 2690 iam

90 2726 121 2773 11
141 2735 210 2776 rem
233 2713 411 2774 nuntiando
435 2711 556 2774 Romae
580 2733 660 2794 esse,
684 2711 897 2796 insecutique,
922 2713 977 2797 qui
1000 2710 1147 2797 Appium
1168 2733 1268 2798 prope

141 2800 371 2881 interemptum
393 2798 426 2859 in
448 2795 582 2861 exilium
604 2796 712 2861 abisse
736 2797 890 2877 dicerent,
914 2819 974 2881 per
998 2796 1137 2878 ulerunt,
1170 2807 1207 2861 ut
1228 2796 1268 2860 ad

141 2906 232 2948 arma
255 2882 518 2951 conclamaretur,
542 2881 767 2968 vellerentque
794 2883 887 2967 signa
919 2892 951 2946 et
972 2820 1109 2947 llomam
1142 2883 1268 2969 profici-

90 2986 124 3033 12
142 2979 320 3035 sacrentur.
349 2968 534 3050 decemviri,
559 2967 655 3031 simul
676 2969 725 3049 iis,
750 2990 832 3053 quae
854 2968 1020 3050 videbant,
1051 2968 1158 3054 iisque
1187 2989 1268 3056 quas

142 3067 215 3120 aeta
245 3056 369 3120 Romae
396 3055 575 3135 audierant,
611 3053 801 3140 perturbati,
836 3053 918 3119 alius
949 3055 982 3117 in
1015 3053 1111 3118 aliam
1143 3050 1268 3140 partem

142 3152 321 3206 castrorum
345 3140 384 3203 ad
410 3140 572 3205 sedandos
596 3150 701 3204 motus
726 3140 919 3206 discurrunt.
952 3150 985 3204 et
1006 3139 1124 3204 leniter
1147 3142 1267 3223 agenti·

141 3229 202 3292 bus
225 3249 418 3313 responsum
440 3248 505 3291 non
527 3226 690 3308 redditur3
728 3227 900 3311 imperium
934 3225 961 3290 si
993 3228 1064 3312 quis
1097 3226 1267 3306 inhiberet,

88 3333 121 3379 13
143 3325 177 3378 et
199 3314 287 3378 viros
311 3323 344 3376 et
366 3323 508 3376 armatos
531 3334 567 3376 se
591 3335 663 3376 esse
691 3312 917 3397 respondetur.
955 3322 1033 3375 eunt
1064 3314 1194 3396 agmine
1227 3311 1268 3378 ad

141 3400 256 3464 urbem
280 3409 312 3463 et
327 3400 523 3462 Aventinum
546 3399 697 3480 insidunt,
722 3409 757 3462 ut
773 3399 909 3484 quisque
925 3408 1120 3476 occurrerat,
1161 3397 1268 3464 lebem

142 3488 183 3550 ad
207 3485 417 3571 repetendam
440 3485 624 3548 libertatem
652 3485 876 3570 creandosque
907 3484 1054 3548 tribunos
1085 3421 1192 3569 plebis
1215 3485 1268 3549 ad·

87 3594 121 3640 14
141 3573 318 3637 hortantes.
342 3571 406 3634 alia
427 3593 493 3634 vox
517 3569 605 3634 nulla
625 3569 767 3635 violenta
799 3570 910 3633 audita
946 3578 1005 3650 est.
1040 3575 1189 3634 senatum
1214 3570 1268 3656 Sp.

142 3659 270 3744 Oppius
303 3658 411 3721 habet.
450 3655 529 3720 nihil
562 3656 670 3741 placet
702 3679 818 3743 aspere
850 3656 915 3740 agi:
955 3657 1094 3805 quippe·
1114 3655 1156 3721 ab
1189 3657 1268 3744 ipsis

83 3768 119 3816 15
140 3746 250 3808 datum
275 3744 384 3808 locum
408 3743 558 3808 seditioni
581 3764 662 3806 esse.
686 3744 856 3806 mittuntur
879 3750 945 3805 tres
981 3743 1067 3826 egati
1083 3742 1267 3808 consulares
1294 3764 1298 3805 ;

122 3829 180 3917 Sp.
210 3829 381 3918 Tarpeius,
409 3829 445 3899 O.
470 3829 586 3919 lulius,
607 3829 647 3897 P.
663 3827 843 3917 Sulpicius,
863 3828 922 3914 qui
935 3837 1131 3912 quaererent
1139 3838 1269 3913 senatus
