<?xml version="1.0" encoding="UTF-8"?>
<!DOCTYPE html PUBLIC "-//W3C//DTD XHTML 1.0 Transitional//EN"
    "http://www.w3.org/TR/xhtml1/DTD/xhtml1-transitional.dtd">
<html xmlns="http://www.w3.org/1999/xhtml" xml:lang="en" lang="en">
 <head>
  <title>
</title>
<meta http-equiv="Content-Type" content="text/html;charset=utf-8" />
  <meta name='ocr-system' content='tesseract 3.04.00' />
  <meta name='ocr-capabilities' content='ocr_page ocr_carea ocr_par ocr_line ocrx_word'/>
</head>
<body>
  <div class='ocr_page' id='page_1' title='image "./aburbeconditali02livygoog_0255.png"; bbox 0 0 2738 4146; ppageno 0'>
   <div class='ocr_carea' id='block_1_1' title="bbox 88 158 1029 234">
    <p class='ocr_par' dir='ltr' id='par_1_1' title="bbox 88 158 1029 234">
     <span class='ocr_line' id='line_1_1' title="bbox 88 158 1029 234; baseline -0.001 -17"><span class='ocrx_word' id='word_1_1' title='bbox 88 158 149 219; x_wconf 73' lang='lat'><strong>222</strong></span> <span class='ocrx_word' id='word_1_2' title='bbox 180 159 182 163; x_wconf 76' lang='grc'>’</span> <span class='ocrx_word' id='word_1_3' title='bbox 403 169 512 219; x_wconf 76' lang='lat' dir='ltr'><strong>ainau</strong></span> <span class='ocrx_word' id='word_1_4' title='bbox 528 170 577 220; x_wconf 91' lang='lat'><strong>111.</strong></span> <span class='ocrx_word' id='word_1_5' title='bbox 597 167 672 219; x_wconf 71' lang='lat' dir='ltr'><strong>aar.</strong></span> <span class='ocrx_word' id='word_1_6' title='bbox 690 170 732 218; x_wconf 84' lang='grc'><strong>41.</strong></span> <span class='ocrx_word' id='word_1_7' title='bbox 751 170 792 218; x_wconf 74' lang='lat' dir='ltr'><strong>aa.</strong></span> <span class='ocrx_word' id='word_1_8' title='bbox 813 165 846 234; x_wconf 74' lang='lat' dir='ltr'><strong>[a.</strong></span> <span class='ocrx_word' id='word_1_9' title='bbox 866 166 900 218; x_wconf 81' lang='lat' dir='ltr'><strong>u,</strong></span> <span class='ocrx_word' id='word_1_10' title='bbox 918 183 941 218; x_wconf 71' lang='grc' dir='ltr'><strong>ο.</strong></span> <span class='ocrx_word' id='word_1_11' title='bbox 959 165 1029 234; x_wconf 78' lang='lat'><strong>3051.</strong></span> 
     </span>
    </p>
   </div>
   <div class='ocr_carea' id='block_1_2' title="bbox 10 339 1280 3689">
    <p class='ocr_par' dir='ltr' id='par_1_2' title="bbox 139 339 1280 856">
     <span class='ocr_line' id='line_1_2' title="bbox 139 339 1280 443; baseline -0.003 -36"><span class='ocrx_word' id='word_1_12' title='bbox 139 344 238 408; x_wconf 88' lang='lat' dir='ltr'><strong>tacito</strong></span> <span class='ocrx_word' id='word_1_13' title='bbox 260 340 340 407; x_wconf 89' lang='lat' dir='ltr'><strong>fletu</strong></span> <span class='ocrx_word' id='word_1_14' title='bbox 362 364 461 443; x_wconf 89' lang='lat' dir='ltr'><strong>quam</strong></span> <span class='ocrx_word' id='word_1_15' title='bbox 490 339 557 404; x_wconf 91' lang='lat' dir='ltr'><strong>ulla</strong></span> <span class='ocrx_word' id='word_1_16' title='bbox 579 363 645 405; x_wconf 86' lang='lat' dir='ltr'><strong>vox</strong></span> <span class='ocrx_word' id='word_1_17' title='bbox 674 340 837 405; x_wconf 89' lang='lat' dir='ltr'><strong>movebat.</strong></span> <span class='ocrx_word' id='word_1_18' title='bbox 876 339 1034 403; x_wconf 88' lang='lat' dir='ltr'><strong>adversus</strong></span> <span class='ocrx_word' id='word_1_19' title='bbox 1058 361 1143 424; x_wconf 89' lang='lat' dir='ltr'><strong>quae</strong></span> <span class='ocrx_word' id='word_1_20' title='bbox 1167 339 1280 404; x_wconf 90' lang='lat' dir='ltr'><strong>omnia</strong></span> 
     </span>
     <span class='ocr_line' id='line_1_3' title="bbox 141 425 1279 511; baseline -0.003 -18"><span class='ocrx_word' id='word_1_21' title='bbox 141 429 302 493; x_wconf 88' lang='lat' dir='ltr'><strong>obstinato</strong></span> <span class='ocrx_word' id='word_1_22' title='bbox 326 450 433 492; x_wconf 90' lang='lat' dir='ltr'><strong>ammo</strong></span> <span class='ocrx_word' id='word_1_23' title='bbox 456 426 584 511; x_wconf 85' lang='lat' dir='ltr'><strong>Appius</strong></span> <span class='ocrx_word' id='word_1_24' title='bbox 606 435 760 491; x_wconf 88' lang='lat' dir='ltr'><strong>—tanta</strong></span> <span class='ocrx_word' id='word_1_25' title='bbox 782 427 832 490; x_wconf 88' lang='lat' dir='ltr'><strong>vis</strong></span> <span class='ocrx_word' id='word_1_26' title='bbox 855 425 1014 505; x_wconf 80' lang='lat' dir='ltr'>amentiae</span> <span class='ocrx_word' id='word_1_27' title='bbox 1042 427 1152 491; x_wconf 81' lang='lat' dir='ltr'><strong>verius</strong></span> <span class='ocrx_word' id='word_1_28' title='bbox 1175 447 1279 511; x_wconf 92' lang='lat' dir='ltr'><strong>quam</strong></span> 
     </span>
     <span class='ocr_line' id='line_1_4' title="bbox 140 510 1277 591; baseline -0.004 -12"><span class='ocrx_word' id='word_1_29' title='bbox 140 515 261 579; x_wconf 90' lang='lat' dir='ltr'><strong>amoris</strong></span> <span class='ocrx_word' id='word_1_30' title='bbox 283 524 426 577; x_wconf 84' lang='lat' dir='ltr'><strong>mentem</strong></span> <span class='ocrx_word' id='word_1_31' title='bbox 448 515 640 578; x_wconf 87' lang='lat' dir='ltr'><strong>turbaverat</strong></span> <span class='ocrx_word' id='word_1_32' title='bbox 660 549 705 559; x_wconf 95' lang='lat'>—</span> <span class='ocrx_word' id='word_1_33' title='bbox 726 514 758 576; x_wconf 91' lang='lat' dir='ltr'><strong>in</strong></span> <span class='ocrx_word' id='word_1_34' title='bbox 781 510 924 576; x_wconf 89' lang='lat' dir='ltr'><strong>tribunal</strong></span> <span class='ocrx_word' id='word_1_35' title='bbox 947 511 1102 591; x_wconf 81' lang='lat' dir='ltr'><strong>escendit,</strong></span> <span class='ocrx_word' id='word_1_36' title='bbox 1132 521 1166 576; x_wconf 91' lang='lat' dir='ltr'><strong>et</strong></span> <span class='ocrx_word' id='word_1_37' title='bbox 1187 512 1277 576; x_wconf 87' lang='lat' dir='ltr'><strong>ultro</strong></span> 
     </span>
     <span class='ocr_line' id='line_1_5' title="bbox 141 596 1278 687; baseline -0.003 -22"><span class='ocrx_word' id='word_1_38' title='bbox 141 610 299 687; x_wconf 86' lang='lat' dir='ltr'><strong>querente</strong></span> <span class='ocrx_word' id='word_1_39' title='bbox 314 622 418 685; x_wconf 90' lang='lat' dir='ltr'><strong>pauca</strong></span> <span class='ocrx_word' id='word_1_40' title='bbox 440 600 592 686; x_wconf 88' lang='lat' dir='ltr'><strong>petitore,</strong></span> <span class='ocrx_word' id='word_1_41' title='bbox 615 599 703 684; x_wconf 92' lang='lat' dir='ltr'><strong>quod</strong></span> <span class='ocrx_word' id='word_1_42' title='bbox 718 599 767 662; x_wconf 93' lang='lat' dir='ltr'><strong>ius</strong></span> <span class='ocrx_word' id='word_1_43' title='bbox 783 597 845 662; x_wconf 91' lang='lat' dir='ltr'><strong>sibi</strong></span> <span class='ocrx_word' id='word_1_44' title='bbox 861 597 966 682; x_wconf 85' lang='lat' dir='ltr'><strong>pridie</strong></span> <span class='ocrx_word' id='word_1_45' title='bbox 988 596 1278 682; x_wconf 89' lang='lat' dir='ltr'><strong>per-ambitionem</strong></span> 
     </span>
     <span class='ocr_line' id='line_1_6' title="bbox 142 681 1279 772; baseline -0.003 -22"><span class='ocrx_word' id='word_1_46' title='bbox 142 689 263 751; x_wconf 89' lang='lat' dir='ltr'><strong>dictum</strong></span> <span class='ocrx_word' id='word_1_47' title='bbox 285 708 350 750; x_wconf 91' lang='lat' dir='ltr'><strong>non</strong></span> <span class='ocrx_word' id='word_1_48' title='bbox 373 697 469 768; x_wconf 90' lang='lat' dir='ltr'><strong>esset,</strong></span> <span class='ocrx_word' id='word_1_49' title='bbox 498 685 688 772; x_wconf 86' lang='lat' dir='ltr'><strong>priusquam</strong></span> <span class='ocrx_word' id='word_1_50' title='bbox 720 694 777 748; x_wconf 90' lang='lat' dir='ltr'><strong>aut</strong></span> <span class='ocrx_word' id='word_1_51' title='bbox 797 683 852 748; x_wconf 88' lang='lat' dir='ltr'><strong>ille</strong></span> <span class='ocrx_word' id='word_1_52' title='bbox 875 681 1076 768; x_wconf 87' lang='lat' dir='ltr'><strong>postulatum</strong></span> <span class='ocrx_word' id='word_1_53' title='bbox 1100 693 1279 769; x_wconf 83' lang='lat' dir='ltr'><strong>perageret</strong></span> 
     </span>
     <span class='ocr_line' id='line_1_7' title="bbox 141 768 1277 856; baseline -0.004 -20"><span class='ocrx_word' id='word_1_54' title='bbox 141 784 199 838; x_wconf 86' lang='lat' dir='ltr'><strong>aut</strong></span> <span class='ocrx_word' id='word_1_55' title='bbox 221 771 378 856; x_wconf 90' lang='lat' dir='ltr'><strong>Verginio</strong></span> <span class='ocrx_word' id='word_1_56' title='bbox 410 771 631 856; x_wconf 90' lang='lat' dir='ltr'><strong>respondendi</strong></span> <span class='ocrx_word' id='word_1_57' title='bbox 654 772 788 835; x_wconf 87' lang='lat' dir='ltr'><strong>daretur</strong></span> <span class='ocrx_word' id='word_1_58' title='bbox 809 769 909 851; x_wconf 91' lang='lat' dir='ltr'><strong>locus,</strong></span> <span class='ocrx_word' id='word_1_59' title='bbox 932 768 1067 854; x_wconf 89' lang='lat' dir='ltr'><strong>Appius</strong></span> <span class='ocrx_word' id='word_1_60' title='bbox 1091 769 1277 832; x_wconf 83' lang='lat' dir='ltr'><strong>interfatur.</strong></span> 
     </span>
    </p>

    <p class='ocr_par' dir='ltr' id='par_1_3' title="bbox 10 853 1278 1199">
     <span class='ocr_line' id='line_1_8' title="bbox 10 853 1276 944; baseline -0.003 -24"><span class='ocrx_word' id='word_1_61' title='bbox 10 865 13 870; x_wconf 87' lang='lat'>&#39;</span> <span class='ocrx_word' id='word_1_62' title='bbox 107 871 239 944; x_wconf 75' lang='lat' dir='ltr'><strong>oquem</strong></span> <span class='ocrx_word' id='word_1_63' title='bbox 263 858 396 922; x_wconf 91' lang='lat' dir='ltr'><strong>decreto</strong></span> <span class='ocrx_word' id='word_1_64' title='bbox 412 879 594 921; x_wconf 91' lang='lat' dir='ltr'><strong>sermonem</strong></span> <span class='ocrx_word' id='word_1_65' title='bbox 615 856 845 940; x_wconf 90' lang='lat' dir='ltr'><strong>praetenderit,</strong></span> <span class='ocrx_word' id='word_1_66' title='bbox 869 855 977 919; x_wconf 82' lang='lat' dir='ltr'><strong>forsan</strong></span> <span class='ocrx_word' id='word_1_67' title='bbox 993 853 1135 941; x_wconf 85' lang='lat' dir='ltr'><strong>aliquem</strong></span> <span class='ocrx_word' id='word_1_68' title='bbox 1158 877 1276 920; x_wconf 90' lang='lat' dir='ltr'><strong>verum</strong></span> 
     </span>
     <span class='ocr_line' id='line_1_9' title="bbox 142 939 1277 1042; baseline -0.004 -34"><span class='ocrx_word' id='word_1_69' title='bbox 142 953 291 1008; x_wconf 78' lang='lat' dir='ltr'><strong>auctores</strong></span> <span class='ocrx_word' id='word_1_70' title='bbox 323 945 447 1028; x_wconf 83' lang='lat' dir='ltr'><strong>antiqui</strong></span> <span class='ocrx_word' id='word_1_71' title='bbox 468 942 676 1023; x_wconf 86' lang='lat' dir='ltr'><strong>tradiderint;</strong></span> <span class='ocrx_word' id='word_1_72' title='bbox 709 943 785 1028; x_wconf 90' lang='lat' dir='ltr'><strong>quia</strong></span> <span class='ocrx_word' id='word_1_73' title='bbox 816 963 977 1042; x_wconf 79' lang='lat' dir='ltr'><strong>nusquqm</strong></span> <span class='ocrx_word' id='word_1_74' title='bbox 1000 939 1104 1004; x_wconf 89' lang='lat' dir='ltr'><strong>ullum</strong></span> <span class='ocrx_word' id='word_1_75' title='bbox 1126 942 1160 1003; x_wconf 95' lang='lat' dir='ltr'><strong>in</strong></span> <span class='ocrx_word' id='word_1_76' title='bbox 1183 950 1277 1007; x_wconf 88' lang='lat' dir='ltr'><strong>tanta</strong></span> 
     </span>
     <span class='ocr_line' id='line_1_10' title="bbox 141 1026 1276 1111; baseline -0.004 -17"><span class='ocrx_word' id='word_1_77' title='bbox 141 1029 296 1094; x_wconf 90' lang='lat' dir='ltr'><strong>foeditate</strong></span> <span class='ocrx_word' id='word_1_78' title='bbox 330 1029 453 1092; x_wconf 91' lang='lat' dir='ltr'><strong>decreti</strong></span> <span class='ocrx_word' id='word_1_79' title='bbox 482 1030 552 1093; x_wconf 89' lang='lat' dir='ltr'><strong>veri</strong></span> <span class='ocrx_word' id='word_1_80' title='bbox 589 1027 726 1092; x_wconf 83' lang='lat' dir='ltr'><strong>similem</strong></span> <span class='ocrx_word' id='word_1_81' title='bbox 756 1028 899 1109; x_wconf 89' lang='lat' dir='ltr'><strong>invenio,</strong></span> <span class='ocrx_word' id='word_1_82' title='bbox 936 1026 981 1107; x_wconf 91' lang='lat' dir='ltr'><strong>1d,</strong></span> <span class='ocrx_word' id='word_1_83' title='bbox 1014 1027 1103 1111; x_wconf 94' lang='lat' dir='ltr'><strong>quod</strong></span> <span class='ocrx_word' id='word_1_84' title='bbox 1136 1036 1276 1108; x_wconf 90' lang='lat' dir='ltr'><strong>constat,</strong></span> 
     </span>
     <span class='ocr_line' id='line_1_11' title="bbox 141 1112 1278 1199; baseline -0.004 -19"><span class='ocrx_word' id='word_1_85' title='bbox 141 1117 266 1180; x_wconf 92' lang='lat' dir='ltr'><strong>nudum</strong></span> <span class='ocrx_word' id='word_1_86' title='bbox 287 1115 418 1179; x_wconf 89' lang='lat' dir='ltr'><strong>videtur</strong></span> <span class='ocrx_word' id='word_1_87' title='bbox 439 1115 700 1199; x_wconf 87' lang='lat' dir='ltr'><strong>proponendum,</strong></span> <span class='ocrx_word' id='word_1_88' title='bbox 733 1114 884 1178; x_wconf 81' lang='lat' dir='ltr'><strong>decresse</strong></span> <span class='ocrx_word' id='word_1_89' title='bbox 911 1112 1068 1177; x_wconf 89' lang='lat' dir='ltr'><strong>vindicias</strong></span> <span class='ocrx_word' id='word_1_90' title='bbox 1093 1112 1278 1176; x_wconf 91' lang='lat' dir='ltr'><strong>secundum</strong></span> 
     </span>
    </p>

    <p class='ocr_par' dir='ltr' id='par_1_4' title="bbox 107 1199 1277 1544">
     <span class='ocr_line' id='line_1_12' title="bbox 107 1199 1277 1286; baseline -0.004 -21"><span class='ocrx_word' id='word_1_91' title='bbox 107 1203 343 1266; x_wconf 79' lang='lat' dir='ltr'><strong>oservitutcm.</strong></span> <span class='ocrx_word' id='word_1_92' title='bbox 366 1201 471 1286; x_wconf 92' lang='lat' dir='ltr'><strong>primo</strong></span> <span class='ocrx_word' id='word_1_93' title='bbox 496 1208 610 1284; x_wconf 87' lang='lat' dir='ltr'><strong>stupor</strong></span> <span class='ocrx_word' id='word_1_94' title='bbox 632 1222 742 1264; x_wconf 89' lang='lat' dir='ltr'><strong>omnes</strong></span> <span class='ocrx_word' id='word_1_95' title='bbox 758 1199 970 1263; x_wconf 88' lang='lat' dir='ltr'><strong>admiratione</strong></span> <span class='ocrx_word' id='word_1_96' title='bbox 992 1199 1041 1262; x_wconf 90' lang='lat' dir='ltr'><strong>rei</strong></span> <span class='ocrx_word' id='word_1_97' title='bbox 1063 1206 1131 1262; x_wconf 89' lang='lat' dir='ltr'><strong>tam</strong></span> <span class='ocrx_word' id='word_1_98' title='bbox 1154 1200 1277 1262; x_wconf 91' lang='lat' dir='ltr'><strong>atrocis</strong></span> 
     </span>
     <span class='ocr_line' id='line_1_13' title="bbox 143 1284 1274 1371; baseline 0 -21"><span class='ocrx_word' id='word_1_99' title='bbox 143 1287 271 1369; x_wconf 82' lang='lat' dir='ltr'><strong>defixit3</strong></span> <span class='ocrx_word' id='word_1_100' title='bbox 308 1285 468 1350; x_wconf 92' lang='lat' dir='ltr'><strong>silentium</strong></span> <span class='ocrx_word' id='word_1_101' title='bbox 505 1285 580 1348; x_wconf 91' lang='lat' dir='ltr'><strong>inde</strong></span> <span class='ocrx_word' id='word_1_102' title='bbox 612 1284 812 1371; x_wconf 87' lang='lat' dir='ltr'><strong>aliquamdiu</strong></span> <span class='ocrx_word' id='word_1_103' title='bbox 842 1285 956 1349; x_wconf 89' lang='lat' dir='ltr'><strong>tenuit.</strong></span> <span class='ocrx_word' id='word_1_104' title='bbox 995 1284 1081 1366; x_wconf 91' lang='lat' dir='ltr'><strong>dein,</strong></span> <span class='ocrx_word' id='word_1_105' title='bbox 1120 1306 1194 1348; x_wconf 91' lang='lat' dir='ltr'><strong>cum</strong></span> <span class='ocrx_word' id='word_1_106' title='bbox 1228 1284 1274 1350; x_wconf 90' lang='lat' dir='ltr'><strong>M.</strong></span> 
     </span>
     <span class='ocr_line' id='line_1_14' title="bbox 143 1370 1275 1455; baseline -0.002 -18"><span class='ocrx_word' id='word_1_107' title='bbox 143 1372 299 1437; x_wconf 84' lang='lat' dir='ltr'><strong>Claudius</strong></span> <span class='ocrx_word' id='word_1_108' title='bbox 323 1371 608 1436; x_wconf 88' lang='lat' dir='ltr'><strong>circumstantibus</strong></span> <span class='ocrx_word' id='word_1_109' title='bbox 630 1373 786 1435; x_wconf 91' lang='lat' dir='ltr'><strong>matronis</strong></span> <span class='ocrx_word' id='word_1_110' title='bbox 809 1372 871 1435; x_wconf 88' lang='lat' dir='ltr'><strong>iret</strong></span> <span class='ocrx_word' id='word_1_111' title='bbox 893 1370 935 1433; x_wconf 93' lang='lat' dir='ltr'><strong>ad</strong></span> <span class='ocrx_word' id='word_1_112' title='bbox 960 1370 1183 1455; x_wconf 89' lang='lat' dir='ltr'><strong>prendendam</strong></span> <span class='ocrx_word' id='word_1_113' title='bbox 1206 1371 1275 1435; x_wconf 83' lang='lat' dir='ltr'><strong>vir·</strong></span> 
     </span>
     <span class='ocr_line' id='line_1_15' title="bbox 142 1455 1277 1544; baseline -0.001 -23"><span class='ocrx_word' id='word_1_114' title='bbox 142 1459 261 1541; x_wconf 88' lang='lat' dir='ltr'><strong>ginem,</strong></span> <span class='ocrx_word' id='word_1_115' title='bbox 282 1456 563 1544; x_wconf 84' lang='lat' dir='ltr'><strong>lamentabilisque</strong></span> <span class='ocrx_word' id='word_1_116' title='bbox 581 1480 655 1520; x_wconf 89' lang='lat' dir='ltr'><strong>eum</strong></span> <span class='ocrx_word' id='word_1_117' title='bbox 669 1457 842 1521; x_wconf 89' lang='lat' dir='ltr'><strong>mulierum</strong></span> <span class='ocrx_word' id='word_1_118' title='bbox 859 1455 1059 1540; x_wconf 90' lang='lat' dir='ltr'><strong>conploratio</strong></span> <span class='ocrx_word' id='word_1_119' title='bbox 1078 1458 1277 1541; x_wconf 84' lang='lat' dir='ltr'><strong>excepisset,</strong></span> 
     </span>
    </p>

    <p class='ocr_par' dir='ltr' id='par_1_5' title="bbox 108 1541 1278 1800">
     <span class='ocr_line' id='line_1_16' title="bbox 108 1541 1276 1630; baseline -0.003 -22"><span class='ocrx_word' id='word_1_120' title='bbox 108 1560 123 1608; x_wconf 79' lang='lat'><strong>7</strong></span> <span class='ocrx_word' id='word_1_121' title='bbox 142 1544 316 1628; x_wconf 88' lang='lat' dir='ltr'><strong>Verginius</strong></span> <span class='ocrx_word' id='word_1_122' title='bbox 337 1545 498 1608; x_wconf 87' lang='lat' dir='ltr'><strong>intentans</strong></span> <span class='ocrx_word' id='word_1_123' title='bbox 522 1545 554 1606; x_wconf 93' lang='lat' dir='ltr'><strong>in</strong></span> <span class='ocrx_word' id='word_1_124' title='bbox 569 1543 712 1630; x_wconf 86' lang='lat' dir='ltr'><strong>Appium</strong></span> <span class='ocrx_word' id='word_1_125' title='bbox 734 1565 848 1615; x_wconf 89' lang='lat' dir='ltr'><strong>manus</strong></span> <span class='ocrx_word' id='word_1_126' title='bbox 866 1541 997 1628; x_wconf 78' lang='lat' dir='ltr'><strong>„Icilio“</strong></span> <span class='ocrx_word' id='word_1_127' title='bbox 1021 1543 1135 1626; x_wconf 90' lang='lat' dir='ltr'><strong>inquit,</strong></span> <span class='ocrx_word' id='word_1_128' title='bbox 1153 1543 1276 1628; x_wconf 62' lang='lat' dir='ltr'><strong>,Appi</strong></span> 
     </span>
     <span class='ocr_line' id='line_1_17' title="bbox 142 1628 1277 1714; baseline -0.003 -20"><span class='ocrx_word' id='word_1_129' title='bbox 142 1652 207 1694; x_wconf 92' lang='lat' dir='ltr'><strong>non</strong></span> <span class='ocrx_word' id='word_1_130' title='bbox 229 1628 406 1693; x_wconf 78' lang='lat' dir='ltr'><strong>tibi-filiam</strong></span> <span class='ocrx_word' id='word_1_131' title='bbox 432 1629 591 1714; x_wconf 89' lang='lat' dir='ltr'><strong>despondi</strong></span> <span class='ocrx_word' id='word_1_132' title='bbox 615 1639 648 1693; x_wconf 93' lang='lat' dir='ltr'><strong>et</strong></span> <span class='ocrx_word' id='word_1_133' title='bbox 670 1630 712 1692; x_wconf 91' lang='lat' dir='ltr'><strong>ad</strong></span> <span class='ocrx_word' id='word_1_134' title='bbox 734 1631 920 1714; x_wconf 88' lang='lat' dir='ltr'><strong>nuptiarum</strong></span> <span class='ocrx_word' id='word_1_135' title='bbox 943 1629 1110 1711; x_wconf 90' lang='lat' dir='ltr'><strong>honorem,</strong></span> <span class='ocrx_word' id='word_1_136' title='bbox 1142 1650 1208 1692; x_wconf 92' lang='lat' dir='ltr'><strong>non</strong></span> <span class='ocrx_word' id='word_1_137' title='bbox 1232 1628 1277 1691; x_wconf 87' lang='lat' dir='ltr'><strong>ad</strong></span> 
     </span>
     <span class='ocr_line' id='line_1_18' title="bbox 143 1714 1278 1800; baseline 0 -22"><span class='ocrx_word' id='word_1_138' title='bbox 143 1715 300 1779; x_wconf 89' lang='lat' dir='ltr'><strong>amiculae</strong></span> <span class='ocrx_word' id='word_1_139' title='bbox 324 1716 466 1779; x_wconf 91' lang='lat' dir='ltr'><strong>dedecus</strong></span> <span class='ocrx_word' id='word_1_140' title='bbox 489 1715 635 1779; x_wconf 84' lang='lat' dir='ltr'><strong>educavi.</strong></span> <span class='ocrx_word' id='word_1_141' title='bbox 668 1715 838 1800; x_wconf 87' lang='lat' dir='ltr'><strong>passurine</strong></span> <span class='ocrx_word' id='word_1_142' title='bbox 860 1714 943 1778; x_wconf 90' lang='lat' dir='ltr'><strong>haec</strong></span> <span class='ocrx_word' id='word_1_143' title='bbox 973 1715 1027 1778; x_wconf 89' lang='lat' dir='ltr'><strong>isti</strong></span> <span class='ocrx_word' id='word_1_144' title='bbox 1049 1715 1121 1795; x_wconf 89' lang='lat' dir='ltr'><strong>sint,</strong></span> <span class='ocrx_word' id='word_1_145' title='bbox 1145 1715 1278 1795; x_wconf 82' lang='lat' dir='ltr'><strong>nesci03</strong></span> 
     </span>
    </p>

    <p class='ocr_par' dir='ltr' id='par_1_6' title="bbox 107 1798 1278 2057">
     <span class='ocr_line' id='line_1_19' title="bbox 107 1798 1277 1886; baseline -0.003 -20"><span class='ocrx_word' id='word_1_146' title='bbox 107 1818 123 1866; x_wconf 85' lang='lat'>8</span> <span class='ocrx_word' id='word_1_147' title='bbox 142 1822 207 1864; x_wconf 90' lang='lat' dir='ltr'><strong>non</strong></span> <span class='ocrx_word' id='word_1_148' title='bbox 223 1824 319 1886; x_wconf 87' lang='lat' dir='ltr'><strong>spero</strong></span> <span class='ocrx_word' id='word_1_149' title='bbox 336 1824 407 1866; x_wconf 90' lang='lat' dir='ltr'><strong>esse</strong></span> <span class='ocrx_word' id='word_1_150' title='bbox 430 1822 582 1885; x_wconf 88' lang='lat' dir='ltr'><strong>passuros</strong></span> <span class='ocrx_word' id='word_1_151' title='bbox 604 1800 687 1880; x_wconf 88' lang='lat' dir='ltr'><strong>illos,</strong></span> <span class='ocrx_word' id='word_1_152' title='bbox 712 1802 767 1886; x_wconf 93' lang='lat' dir='ltr'><strong>qui</strong></span> <span class='ocrx_word' id='word_1_153' title='bbox 789 1823 880 1864; x_wconf 90' lang='lat' dir='ltr'><strong>arma</strong></span> <span class='ocrx_word' id='word_1_154' title='bbox 898 1799 1052 1864; x_wconf 86' lang='lat' dir='ltr'><strong>habent“.</strong></span> <span class='ocrx_word' id='word_1_155' title='bbox 1078 1822 1151 1863; x_wconf 91' lang='lat' dir='ltr'><strong>cum</strong></span> <span class='ocrx_word' id='word_1_156' title='bbox 1167 1798 1277 1886; x_wconf 90' lang='lat' dir='ltr'><strong>repel-</strong></span> 
     </span>
     <span class='ocr_line' id='line_1_20' title="bbox 141 1884 1278 1972; baseline 0 -22"><span class='ocrx_word' id='word_1_157' title='bbox 141 1887 264 1951; x_wconf 89' lang='lat' dir='ltr'><strong>leretur</strong></span> <span class='ocrx_word' id='word_1_158' title='bbox 283 1888 430 1950; x_wconf 90' lang='lat' dir='ltr'><strong>adsertor</strong></span> <span class='ocrx_word' id='word_1_159' title='bbox 443 1888 577 1969; x_wconf 84' lang='lat' dir='ltr'><strong>virginis</strong></span> <span class='ocrx_word' id='word_1_160' title='bbox 593 1909 612 1949; x_wconf 92' lang='lat' dir='ltr'><strong>a</strong></span> <span class='ocrx_word' id='word_1_161' title='bbox 627 1884 724 1969; x_wconf 84' lang='lat' dir='ltr'><strong>globo</strong></span> <span class='ocrx_word' id='word_1_162' title='bbox 741 1886 913 1951; x_wconf 89' lang='lat' dir='ltr'><strong>mulierum</strong></span> <span class='ocrx_word' id='word_1_163' title='bbox 930 1887 1278 1972; x_wconf 89' lang='lat' dir='ltr'><strong>circumstantiumque</strong></span> 
     </span>
     <span class='ocr_line' id='line_1_21' title="bbox 143 1971 1021 2057; baseline 0 -21"><span class='ocrx_word' id='word_1_164' title='bbox 143 1973 386 2051; x_wconf 87' lang='lat' dir='ltr'><strong>advocatorum,</strong></span> <span class='ocrx_word' id='word_1_165' title='bbox 411 1971 571 2035; x_wconf 89' lang='lat' dir='ltr'><strong>silentium</strong></span> <span class='ocrx_word' id='word_1_166' title='bbox 594 1972 713 2035; x_wconf 86' lang='lat' dir='ltr'><strong>factum</strong></span> <span class='ocrx_word' id='word_1_167' title='bbox 737 1995 796 2057; x_wconf 92' lang='lat' dir='ltr'><strong>per</strong></span> <span class='ocrx_word' id='word_1_168' title='bbox 818 1994 1021 2057; x_wconf 85' lang='lat' dir='ltr'><strong>praeconem.</strong></span> 
     </span>
    </p>

    <p class='ocr_par' dir='ltr' id='par_1_7' title="bbox 109 2056 1279 2401">
     <span class='ocr_line' id='line_1_22' title="bbox 109 2056 1279 2140; baseline -0.003 -16"><span class='ocrx_word' id='word_1_169' title='bbox 109 2077 123 2124; x_wconf 94' lang='lat'>1</span> <span class='ocrx_word' id='word_1_170' title='bbox 245 2058 401 2121; x_wconf 88' lang='lat' dir='ltr'><strong>XLVIII.</strong></span> <span class='ocrx_word' id='word_1_171' title='bbox 418 2058 603 2139; x_wconf 87' lang='lat' dir='ltr'><strong>Decemvir,</strong></span> <span class='ocrx_word' id='word_1_172' title='bbox 620 2056 758 2121; x_wconf 86' lang='lat' dir='ltr'><strong>alienato</strong></span> <span class='ocrx_word' id='word_1_173' title='bbox 779 2058 821 2120; x_wconf 89' lang='lat' dir='ltr'><strong>ad</strong></span> <span class='ocrx_word' id='word_1_174' title='bbox 843 2056 1011 2121; x_wconf 88' lang='lat' dir='ltr'><strong>libidinem</strong></span> <span class='ocrx_word' id='word_1_175' title='bbox 1033 2059 1151 2137; x_wconf 88' lang='lat' dir='ltr'><strong>animo,</strong></span> <span class='ocrx_word' id='word_1_176' title='bbox 1175 2067 1279 2140; x_wconf 89' lang='lat' dir='ltr'><strong>negat</strong></span> 
     </span>
     <span class='ocr_line' id='line_1_23' title="bbox 144 2142 1276 2228; baseline -0.002 -20"><span class='ocrx_word' id='word_1_177' title='bbox 144 2167 186 2208; x_wconf 87' lang='lat' dir='ltr'><strong>ex</strong></span> <span class='ocrx_word' id='word_1_178' title='bbox 218 2143 372 2207; x_wconf 86' lang='lat' dir='ltr'><strong>hesterno</strong></span> <span class='ocrx_word' id='word_1_179' title='bbox 411 2153 536 2206; x_wconf 87' lang='lat' dir='ltr'><strong>tantum</strong></span> <span class='ocrx_word' id='word_1_180' title='bbox 566 2144 711 2207; x_wconf 86' lang='lat' dir='ltr'><strong>convicio</strong></span> <span class='ocrx_word' id='word_1_181' title='bbox 748 2143 831 2206; x_wconf 91' lang='lat' dir='ltr'><strong>Icilii</strong></span> <span class='ocrx_word' id='word_1_182' title='bbox 861 2143 1082 2228; x_wconf 87' lang='lat' dir='ltr'><strong>violentiaque</strong></span> <span class='ocrx_word' id='word_1_183' title='bbox 1115 2142 1276 2226; x_wconf 86' lang='lat' dir='ltr'><strong>Verginii,</strong></span> 
     </span>
     <span class='ocr_line' id='line_1_24' title="bbox 144 2227 1276 2315; baseline -0.002 -21"><span class='ocrx_word' id='word_1_184' title='bbox 144 2231 234 2294; x_wconf 90' lang='lat' dir='ltr'><strong>cuius</strong></span> <span class='ocrx_word' id='word_1_185' title='bbox 257 2238 375 2293; x_wconf 89' lang='lat' dir='ltr'><strong>testem</strong></span> <span class='ocrx_word' id='word_1_186' title='bbox 398 2227 555 2315; x_wconf 91' lang='lat' dir='ltr'><strong>populum</strong></span> <span class='ocrx_word' id='word_1_187' title='bbox 577 2229 758 2294; x_wconf 86' lang='lat' dir='ltr'><strong>Romanum</strong></span> <span class='ocrx_word' id='word_1_188' title='bbox 781 2228 911 2310; x_wconf 90' lang='lat' dir='ltr'><strong>habeat,</strong></span> <span class='ocrx_word' id='word_1_189' title='bbox 935 2230 994 2293; x_wconf 90' lang='lat' dir='ltr'><strong>sed</strong></span> <span class='ocrx_word' id='word_1_190' title='bbox 1019 2229 1114 2292; x_wconf 87' lang='lat' dir='ltr'><strong>certis</strong></span> <span class='ocrx_word' id='word_1_191' title='bbox 1139 2249 1276 2314; x_wconf 91' lang='lat' dir='ltr'><strong>quoque</strong></span> 
     </span>
     <span class='ocr_line' id='line_1_25' title="bbox 144 2313 1277 2401; baseline 0 -23"><span class='ocrx_word' id='word_1_192' title='bbox 144 2316 270 2379; x_wconf 88' lang='lat' dir='ltr'><strong>indiciis</strong></span> <span class='ocrx_word' id='word_1_193' title='bbox 302 2325 506 2401; x_wconf 89' lang='lat' dir='ltr'><strong>compertum</strong></span> <span class='ocrx_word' id='word_1_194' title='bbox 537 2336 571 2378; x_wconf 90' lang='lat' dir='ltr'><strong>se</strong></span> <span class='ocrx_word' id='word_1_195' title='bbox 606 2315 727 2379; x_wconf 90' lang='lat' dir='ltr'><strong>habere</strong></span> <span class='ocrx_word' id='word_1_196' title='bbox 759 2324 855 2380; x_wconf 88' lang='lat' dir='ltr'><strong>nocte</strong></span> <span class='ocrx_word' id='word_1_197' title='bbox 887 2324 955 2379; x_wconf 90' lang='lat' dir='ltr'><strong>tota</strong></span> <span class='ocrx_word' id='word_1_198' title='bbox 988 2325 1100 2379; x_wconf 89' lang='lat' dir='ltr'><strong>coetus</strong></span> <span class='ocrx_word' id='word_1_199' title='bbox 1132 2316 1165 2376; x_wconf 93' lang='lat' dir='ltr'><strong>in</strong></span> <span class='ocrx_word' id='word_1_200' title='bbox 1187 2313 1277 2378; x_wconf 89' lang='lat' dir='ltr'><strong>urbe</strong></span> 
     </span>
    </p>

    <p class='ocr_par' dir='ltr' id='par_1_8' title="bbox 108 2400 1278 2660">
     <span class='ocr_line' id='line_1_26' title="bbox 108 2400 1278 2487; baseline -0.001 -23"><span class='ocrx_word' id='word_1_201' title='bbox 108 2417 123 2464; x_wconf 75' lang='grc'><strong>1</strong></span> <span class='ocrx_word' id='word_1_202' title='bbox 142 2402 247 2465; x_wconf 86' lang='lat' dir='ltr'><strong>factos</strong></span> <span class='ocrx_word' id='word_1_203' title='bbox 264 2423 335 2465; x_wconf 89' lang='lat' dir='ltr'><strong>esse</strong></span> <span class='ocrx_word' id='word_1_204' title='bbox 352 2403 394 2465; x_wconf 91' lang='lat' dir='ltr'><strong>ad</strong></span> <span class='ocrx_word' id='word_1_205' title='bbox 409 2401 603 2465; x_wconf 89' lang='lat' dir='ltr'><strong>movendam</strong></span> <span class='ocrx_word' id='word_1_206' title='bbox 620 2401 821 2466; x_wconf 89' lang='lat' dir='ltr'><strong>seditionem.</strong></span> <span class='ocrx_word' id='word_1_207' title='bbox 844 2402 954 2487; x_wconf 90' lang='lat' dir='ltr'><strong>itaque</strong></span> <span class='ocrx_word' id='word_1_208' title='bbox 970 2424 1005 2465; x_wconf 89' lang='lat' dir='ltr'><strong>se</strong></span> <span class='ocrx_word' id='word_1_209' title='bbox 1027 2400 1116 2463; x_wconf 92' lang='lat' dir='ltr'><strong>haud</strong></span> <span class='ocrx_word' id='word_1_210' title='bbox 1136 2401 1278 2463; x_wconf 88' lang='lat' dir='ltr'><strong>inscium</strong></span> 
     </span>
     <span class='ocr_line' id='line_1_27' title="bbox 145 2487 1276 2572; baseline -0.004 -20"><span class='ocrx_word' id='word_1_211' title='bbox 145 2489 213 2552; x_wconf 89' lang='lat' dir='ltr'><strong>eius</strong></span> <span class='ocrx_word' id='word_1_212' title='bbox 237 2487 451 2551; x_wconf 90' lang='lat' dir='ltr'><strong>dimicationis</strong></span> <span class='ocrx_word' id='word_1_213' title='bbox 484 2511 556 2550; x_wconf 89' lang='lat' dir='ltr'><strong>cum</strong></span> <span class='ocrx_word' id='word_1_214' title='bbox 588 2489 719 2551; x_wconf 86' lang='lat' dir='ltr'><strong>armatis</strong></span> <span class='ocrx_word' id='word_1_215' title='bbox 743 2488 962 2568; x_wconf 90' lang='lat' dir='ltr'><strong>descendisse,</strong></span> <span class='ocrx_word' id='word_1_216' title='bbox 994 2509 1059 2550; x_wconf 91' lang='lat' dir='ltr'><strong>non</strong></span> <span class='ocrx_word' id='word_1_217' title='bbox 1090 2492 1127 2550; x_wconf 92' lang='lat' dir='ltr'><strong>ut</strong></span> <span class='ocrx_word' id='word_1_218' title='bbox 1159 2507 1276 2572; x_wconf 92' lang='lat' dir='ltr'><strong>quem-</strong></span> 
     </span>
     <span class='ocr_line' id='line_1_28' title="bbox 145 2572 1278 2660; baseline -0.001 -23"><span class='ocrx_word' id='word_1_219' title='bbox 145 2596 242 2658; x_wconf 89' lang='lat' dir='ltr'><strong>quam</strong></span> <span class='ocrx_word' id='word_1_220' title='bbox 265 2574 409 2660; x_wconf 89' lang='lat' dir='ltr'><strong>quietum</strong></span> <span class='ocrx_word' id='word_1_221' title='bbox 433 2572 579 2647; x_wconf 86' lang='lat' dir='ltr'><strong>violaret,</strong></span> <span class='ocrx_word' id='word_1_222' title='bbox 604 2573 662 2637; x_wconf 90' lang='lat' dir='ltr'><strong>sed</strong></span> <span class='ocrx_word' id='word_1_223' title='bbox 684 2584 720 2637; x_wconf 92' lang='lat' dir='ltr'><strong>ut</strong></span> <span class='ocrx_word' id='word_1_224' title='bbox 743 2574 910 2638; x_wconf 88' lang='lat' dir='ltr'><strong>turbantes</strong></span> <span class='ocrx_word' id='word_1_225' title='bbox 927 2574 1064 2636; x_wconf 88' lang='lat' dir='ltr'><strong>civitatis</strong></span> <span class='ocrx_word' id='word_1_226' title='bbox 1088 2573 1189 2636; x_wconf 89' lang='lat' dir='ltr'><strong>otium</strong></span> <span class='ocrx_word' id='word_1_227' title='bbox 1211 2593 1278 2656; x_wconf 90' lang='lat' dir='ltr'><strong>pro</strong></span> 
     </span>
    </p>

    <p class='ocr_par' dir='ltr' id='par_1_9' title="bbox 109 2656 1275 2745">
     <span class='ocr_line' id='line_1_29' title="bbox 109 2656 1275 2745; baseline -0.002 -24"><span class='ocrx_word' id='word_1_228' title='bbox 109 2660 313 2723; x_wconf 78' lang='lat' dir='ltr'><strong>amaiestate</strong></span> <span class='ocrx_word' id='word_1_229' title='bbox 335 2660 463 2743; x_wconf 89' lang='lat' dir='ltr'><strong>imperii</strong></span> <span class='ocrx_word' id='word_1_230' title='bbox 491 2668 664 2723; x_wconf 88' lang='lat' dir='ltr'><strong>coerceret.</strong></span> <span class='ocrx_word' id='word_1_231' title='bbox 700 2661 856 2744; x_wconf 82' lang='lat' dir='ltr'><strong>,proinde</strong></span> <span class='ocrx_word' id='word_1_232' title='bbox 889 2659 1018 2745; x_wconf 87' lang='lat' dir='ltr'><strong>quiesse</strong></span> <span class='ocrx_word' id='word_1_233' title='bbox 1042 2659 1104 2722; x_wconf 92' lang='lat' dir='ltr'><strong>erit</strong></span> <span class='ocrx_word' id='word_1_234' title='bbox 1133 2656 1275 2720; x_wconf 82' lang='lat' dir='ltr'><strong>melius“</strong></span> 
     </span>
    </p>

    <p class='ocr_par' dir='ltr' id='par_1_10' title="bbox 37 2743 1278 3003">
     <span class='ocr_line' id='line_1_30' title="bbox 37 2743 1275 2829; baseline -0.001 -22"><span class='ocrx_word' id='word_1_235' title='bbox 37 2776 39 2779; x_wconf 95' lang='lat'>·</span> <span class='ocrx_word' id='word_1_236' title='bbox 144 2746 263 2829; x_wconf 87' lang='lat' dir='ltr'><strong>inquit;</strong></span> <span class='ocrx_word' id='word_1_237' title='bbox 297 2746 336 2826; x_wconf 86' lang='lat' dir='ltr'><strong>,i,</strong></span> <span class='ocrx_word' id='word_1_238' title='bbox 368 2745 473 2826; x_wconf 90' lang='lat' dir='ltr'><strong>lictor,</strong></span> <span class='ocrx_word' id='word_1_239' title='bbox 509 2743 668 2810; x_wconf 90' lang='lat' dir='ltr'><strong>submove</strong></span> <span class='ocrx_word' id='word_1_240' title='bbox 690 2745 819 2809; x_wconf 90' lang='lat' dir='ltr'><strong>turbam</strong></span> <span class='ocrx_word' id='word_1_241' title='bbox 843 2755 875 2810; x_wconf 90' lang='lat' dir='ltr'><strong>et</strong></span> <span class='ocrx_word' id='word_1_242' title='bbox 899 2746 940 2808; x_wconf 88' lang='lat' dir='ltr'><strong>da</strong></span> <span class='ocrx_word' id='word_1_243' title='bbox 962 2747 1049 2809; x_wconf 89' lang='lat' dir='ltr'><strong>viam</strong></span> <span class='ocrx_word' id='word_1_244' title='bbox 1073 2744 1204 2808; x_wconf 90' lang='lat' dir='ltr'><strong>domino</strong></span> <span class='ocrx_word' id='word_1_245' title='bbox 1229 2744 1275 2807; x_wconf 91' lang='lat' dir='ltr'><strong>ad</strong></span> 
     </span>
     <span class='ocr_line' id='line_1_31' title="bbox 144 2829 1276 2914; baseline -0.001 -22"><span class='ocrx_word' id='word_1_246' title='bbox 144 2830 371 2914; x_wconf 88' lang='lat' dir='ltr'><strong>prendendum</strong></span> <span class='ocrx_word' id='word_1_247' title='bbox 393 2831 620 2914; x_wconf 82' lang='lat' dir='ltr'><strong>mancipium“.</strong></span> <span class='ocrx_word' id='word_1_248' title='bbox 644 2853 716 2894; x_wconf 91' lang='lat' dir='ltr'><strong>cum</strong></span> <span class='ocrx_word' id='word_1_249' title='bbox 739 2830 821 2895; x_wconf 88' lang='lat' dir='ltr'><strong>haec</strong></span> <span class='ocrx_word' id='word_1_250' title='bbox 842 2832 1034 2894; x_wconf 91' lang='lat' dir='ltr'><strong>intonuisset</strong></span> <span class='ocrx_word' id='word_1_251' title='bbox 1056 2829 1170 2914; x_wconf 89' lang='lat' dir='ltr'><strong>plenus</strong></span> <span class='ocrx_word' id='word_1_252' title='bbox 1193 2830 1276 2911; x_wconf 87' lang='lat' dir='ltr'><strong>irae,</strong></span> 
     </span>
     <span class='ocr_line' id='line_1_32' title="bbox 144 2914 1278 3003; baseline 0 -25"><span class='ocrx_word' id='word_1_253' title='bbox 144 2914 317 2980; x_wconf 90' lang='lat' dir='ltr'><strong>multitudo</strong></span> <span class='ocrx_word' id='word_1_254' title='bbox 348 2917 420 2998; x_wconf 84' lang='lat' dir='ltr'><strong>ipsa</strong></span> <span class='ocrx_word' id='word_1_255' title='bbox 450 2938 485 2979; x_wconf 92' lang='lat' dir='ltr'><strong>se</strong></span> <span class='ocrx_word' id='word_1_256' title='bbox 517 2937 577 2980; x_wconf 90' lang='lat' dir='ltr'><strong>sua</strong></span> <span class='ocrx_word' id='word_1_257' title='bbox 603 2921 718 3003; x_wconf 85' lang='lat' dir='ltr'><strong>sponte</strong></span> <span class='ocrx_word' id='word_1_258' title='bbox 753 2917 896 2992; x_wconf 83' lang='lat' dir='ltr'><strong>dimovit,</strong></span> <span class='ocrx_word' id='word_1_259' title='bbox 931 2918 1126 3002; x_wconf 88' lang='lat' dir='ltr'><strong>desertaque</strong></span> <span class='ocrx_word' id='word_1_260' title='bbox 1148 2916 1278 3001; x_wconf 86' lang='lat' dir='ltr'><strong>praeda</strong></span> 
     </span>
    </p>

    <p class='ocr_par' dir='ltr' id='par_1_11' title="bbox 107 2999 1276 3431">
     <span class='ocr_line' id='line_1_33' title="bbox 107 2999 1275 3088; baseline 0 -25"><span class='ocrx_word' id='word_1_261' title='bbox 107 3015 125 3062; x_wconf 89' lang='lat'>4</span> <span class='ocrx_word' id='word_1_262' title='bbox 143 3002 278 3064; x_wconf 89' lang='lat' dir='ltr'><strong>iniuriae</strong></span> <span class='ocrx_word' id='word_1_263' title='bbox 294 3001 404 3088; x_wconf 91' lang='lat' dir='ltr'><strong>puella</strong></span> <span class='ocrx_word' id='word_1_264' title='bbox 420 3002 536 3065; x_wconf 89' lang='lat' dir='ltr'><strong>stabat.</strong></span> <span class='ocrx_word' id='word_1_265' title='bbox 552 3013 621 3065; x_wconf 92' lang='lat' dir='ltr'><strong>tum</strong></span> <span class='ocrx_word' id='word_1_266' title='bbox 637 3002 821 3085; x_wconf 88' lang='lat' dir='ltr'><strong>Verginius,</strong></span> <span class='ocrx_word' id='word_1_267' title='bbox 838 3002 894 3065; x_wconf 93' lang='lat' dir='ltr'><strong>ubi</strong></span> <span class='ocrx_word' id='word_1_268' title='bbox 909 3002 990 3065; x_wconf 90' lang='lat' dir='ltr'><strong>nihil</strong></span> <span class='ocrx_word' id='word_1_269' title='bbox 1004 3023 1143 3087; x_wconf 90' lang='lat' dir='ltr'><strong>usquam</strong></span> <span class='ocrx_word' id='word_1_270' title='bbox 1159 2999 1275 3064; x_wconf 88' lang='lat' dir='ltr'><strong>auxilii</strong></span> 
     </span>
     <span class='ocr_line' id='line_1_34' title="bbox 142 3085 1274 3175; baseline -0.004 -22"><span class='ocrx_word' id='word_1_271' title='bbox 142 3088 233 3164; x_wconf 78' lang='lat' dir='ltr'><strong>vidit,</strong></span> <span class='ocrx_word' id='word_1_272' title='bbox 259 3087 421 3172; x_wconf 79' lang='lat' dir='ltr'><strong>„quaeso“</strong></span> <span class='ocrx_word' id='word_1_273' title='bbox 446 3089 560 3172; x_wconf 88' lang='lat' dir='ltr'><strong>inquit,</strong></span> <span class='ocrx_word' id='word_1_274' title='bbox 577 3089 693 3175; x_wconf 87' lang='lat' dir='ltr'><strong>,Appi,</strong></span> <span class='ocrx_word' id='word_1_275' title='bbox 717 3087 857 3172; x_wconf 89' lang='lat' dir='ltr'><strong>primum</strong></span> <span class='ocrx_word' id='word_1_276' title='bbox 872 3089 1003 3169; x_wconf 86' lang='lat' dir='ltr'><strong>ignosce</strong></span> <span class='ocrx_word' id='word_1_277' title='bbox 1026 3088 1132 3173; x_wconf 89' lang='lat' dir='ltr'><strong>patrio</strong></span> <span class='ocrx_word' id='word_1_278' title='bbox 1156 3085 1274 3166; x_wconf 91' lang='lat' dir='ltr'><strong>dolori,</strong></span> 
     </span>
     <span class='ocr_line' id='line_1_35' title="bbox 145 3171 1276 3257; baseline -0.001 -20"><span class='ocrx_word' id='word_1_279' title='bbox 145 3175 171 3237; x_wconf 92' lang='lat' dir='ltr'><strong>si</strong></span> <span class='ocrx_word' id='word_1_280' title='bbox 195 3195 258 3257; x_wconf 94' lang='lat' dir='ltr'><strong>quo</strong></span> <span class='ocrx_word' id='word_1_281' title='bbox 282 3173 505 3237; x_wconf 89' lang='lat' dir='ltr'><strong>inclementius</strong></span> <span class='ocrx_word' id='word_1_282' title='bbox 532 3175 564 3236; x_wconf 93' lang='lat' dir='ltr'><strong>in</strong></span> <span class='ocrx_word' id='word_1_283' title='bbox 599 3184 631 3237; x_wconf 89' lang='lat' dir='ltr'><strong>te</strong></span> <span class='ocrx_word' id='word_1_284' title='bbox 663 3196 734 3238; x_wconf 90' lang='lat' dir='ltr'><strong>sum</strong></span> <span class='ocrx_word' id='word_1_285' title='bbox 755 3175 916 3252; x_wconf 82' lang='lat' dir='ltr'><strong>invectus3</strong></span> <span class='ocrx_word' id='word_1_286' title='bbox 950 3173 1068 3238; x_wconf 87' lang='lat' dir='ltr'><strong>deinde</strong></span> <span class='ocrx_word' id='word_1_287' title='bbox 1101 3174 1186 3237; x_wconf 89' lang='lat' dir='ltr'><strong>sinas</strong></span> <span class='ocrx_word' id='word_1_288' title='bbox 1218 3171 1276 3236; x_wconf 89' lang='lat' dir='ltr'><strong>hic</strong></span> 
     </span>
     <span class='ocr_line' id='line_1_36' title="bbox 145 3259 1276 3346; baseline -0.002 -24"><span class='ocrx_word' id='word_1_289' title='bbox 145 3282 254 3322; x_wconf 88' lang='lat' dir='ltr'><strong>coram</strong></span> <span class='ocrx_word' id='word_1_290' title='bbox 276 3261 402 3342; x_wconf 87' lang='lat' dir='ltr'><strong>virgine</strong></span> <span class='ocrx_word' id='word_1_291' title='bbox 423 3260 581 3323; x_wconf 90' lang='lat' dir='ltr'><strong>nutricem</strong></span> <span class='ocrx_word' id='word_1_292' title='bbox 603 3261 817 3345; x_wconf 86' lang='lat' dir='ltr'><strong>percunctari,</strong></span> <span class='ocrx_word' id='word_1_293' title='bbox 842 3260 920 3346; x_wconf 92' lang='lat' dir='ltr'><strong>quid</strong></span> <span class='ocrx_word' id='word_1_294' title='bbox 944 3259 1007 3323; x_wconf 93' lang='lat' dir='ltr'><strong>hoc</strong></span> <span class='ocrx_word' id='word_1_295' title='bbox 1029 3260 1078 3324; x_wconf 92' lang='lat' dir='ltr'><strong>rei</strong></span> <span class='ocrx_word' id='word_1_296' title='bbox 1102 3260 1152 3336; x_wconf 90' lang='lat' dir='ltr'><strong>sit,</strong></span> <span class='ocrx_word' id='word_1_297' title='bbox 1176 3266 1223 3338; x_wconf 92' lang='lat' dir='ltr'><strong>ut,</strong></span> <span class='ocrx_word' id='word_1_298' title='bbox 1247 3260 1276 3321; x_wconf 91' lang='lat' dir='ltr'><strong>si</strong></span> 
     </span>
     <span class='ocr_line' id='line_1_37' title="bbox 142 3340 1271 3431; baseline -0.003 -24"><span class='ocrx_word' id='word_1_299' title='bbox 142 3345 224 3409; x_wconf 88' lang='lat' dir='ltr'><strong>falso</strong></span> <span class='ocrx_word' id='word_1_300' title='bbox 257 3356 351 3429; x_wconf 89' lang='lat' dir='ltr'><strong>pater</strong></span> <span class='ocrx_word' id='word_1_301' title='bbox 383 3345 486 3408; x_wconf 86' lang='lat' dir='ltr'><strong>dictus</strong></span> <span class='ocrx_word' id='word_1_302' title='bbox 521 3367 602 3426; x_wconf 90' lang='lat' dir='ltr'><strong>sum,</strong></span> <span class='ocrx_word' id='word_1_303' title='bbox 636 3347 789 3431; x_wconf 87' lang='lat' dir='ltr'><strong>aequiore</strong></span> <span class='ocrx_word' id='word_1_304' title='bbox 819 3344 896 3408; x_wconf 90' lang='lat' dir='ltr'><strong>hinc</strong></span> <span class='ocrx_word' id='word_1_305' title='bbox 927 3347 1032 3409; x_wconf 89' lang='lat' dir='ltr'><strong>animo</strong></span> <span class='ocrx_word' id='word_1_306' title='bbox 1069 3340 1271 3409; x_wconf 85' lang='lat' dir='ltr'><strong>discedam“.</strong></span> 
     </span>
    </p>

    <p class='ocr_par' dir='ltr' id='par_1_12' title="bbox 107 3430 1273 3689">
     <span class='ocr_line' id='line_1_38' title="bbox 107 3430 1273 3517; baseline -0.001 -24"><span class='ocrx_word' id='word_1_307' title='bbox 107 3431 220 3494; x_wconf 69' lang='lat' dir='ltr'><strong>adata</strong></span> <span class='ocrx_word' id='word_1_308' title='bbox 242 3432 339 3495; x_wconf 84' lang='lat' dir='ltr'><strong>venia</strong></span> <span class='ocrx_word' id='word_1_309' title='bbox 373 3431 500 3495; x_wconf 89' lang='lat' dir='ltr'><strong>seducit</strong></span> <span class='ocrx_word' id='word_1_310' title='bbox 522 3430 621 3493; x_wconf 89' lang='lat' dir='ltr'><strong>filiam</strong></span> <span class='ocrx_word' id='word_1_311' title='bbox 652 3453 691 3494; x_wconf 88' lang='lat' dir='ltr'><strong>ac</strong></span> <span class='ocrx_word' id='word_1_312' title='bbox 711 3433 871 3495; x_wconf 89' lang='lat' dir='ltr'><strong>nutricem</strong></span> <span class='ocrx_word' id='word_1_313' title='bbox 903 3453 1007 3517; x_wconf 91' lang='lat' dir='ltr'><strong>prope</strong></span> <span class='ocrx_word' id='word_1_314' title='bbox 1033 3430 1206 3496; x_wconf 81' lang='lat' dir='ltr'><strong>Cloacinae</strong></span> <span class='ocrx_word' id='word_1_315' title='bbox 1229 3430 1273 3492; x_wconf 89' lang='lat' dir='ltr'><strong>ad</strong></span> 
     </span>
     <span class='ocr_line' id='line_1_39' title="bbox 144 3515 1273 3602; baseline 0 -23"><span class='ocrx_word' id='word_1_316' title='bbox 144 3517 308 3596; x_wconf 88' lang='lat' dir='ltr'><strong>tabernas,</strong></span> <span class='ocrx_word' id='word_1_317' title='bbox 333 3516 450 3602; x_wconf 86' lang='lat' dir='ltr'><strong>quibus</strong></span> <span class='ocrx_word' id='word_1_318' title='bbox 473 3539 560 3580; x_wconf 88' lang='lat' dir='ltr'><strong>nunc</strong></span> <span class='ocrx_word' id='word_1_319' title='bbox 583 3519 677 3580; x_wconf 86' lang='lat' dir='ltr'><strong>novis</strong></span> <span class='ocrx_word' id='word_1_320' title='bbox 701 3526 750 3582; x_wconf 90' lang='lat' dir='ltr'><strong>est</strong></span> <span class='ocrx_word' id='word_1_321' title='bbox 771 3539 898 3600; x_wconf 91' lang='lat' dir='ltr'><strong>nomen,</strong></span> <span class='ocrx_word' id='word_1_322' title='bbox 931 3529 1029 3602; x_wconf 91' lang='lat' dir='ltr'><strong>atque</strong></span> <span class='ocrx_word' id='word_1_323' title='bbox 1051 3517 1097 3580; x_wconf 92' lang='lat' dir='ltr'><strong>ibi</strong></span> <span class='ocrx_word' id='word_1_324' title='bbox 1121 3516 1161 3578; x_wconf 92' lang='lat' dir='ltr'><strong>ab</strong></span> <span class='ocrx_word' id='word_1_325' title='bbox 1184 3515 1273 3579; x_wconf 90' lang='lat' dir='ltr'><strong>lanio</strong></span> 
     </span>
     <span class='ocr_line' id='line_1_40' title="bbox 145 3601 1272 3689; baseline -0.002 -24"><span class='ocrx_word' id='word_1_326' title='bbox 145 3601 249 3666; x_wconf 91' lang='lat' dir='ltr'><strong>cultro</strong></span> <span class='ocrx_word' id='word_1_327' title='bbox 274 3612 404 3688; x_wconf 88' lang='lat' dir='ltr'><strong>arrepto</strong></span> <span class='ocrx_word' id='word_1_328' title='bbox 431 3602 513 3682; x_wconf 85' lang='lat' dir='ltr'><strong>„hoc</strong></span> <span class='ocrx_word' id='word_1_329' title='bbox 545 3611 577 3665; x_wconf 89' lang='lat' dir='ltr'><strong>te</strong></span> <span class='ocrx_word' id='word_1_330' title='bbox 599 3624 664 3667; x_wconf 92' lang='lat' dir='ltr'><strong>uno</strong></span> <span class='ocrx_word' id='word_1_331' title='bbox 689 3625 752 3689; x_wconf 92' lang='lat' dir='ltr'><strong>quo</strong></span> <span class='ocrx_word' id='word_1_332' title='bbox 776 3604 930 3689; x_wconf 79' lang='lat' dir='ltr'><strong>possum“</strong></span> <span class='ocrx_word' id='word_1_333' title='bbox 963 3603 1008 3666; x_wconf 89' lang='lat' dir='ltr'><strong>ait</strong></span> <span class='ocrx_word' id='word_1_334' title='bbox 1032 3604 1160 3683; x_wconf 82' lang='lat' dir='ltr'><strong>„modo,</strong></span> <span class='ocrx_word' id='word_1_335' title='bbox 1193 3601 1272 3683; x_wconf 90' lang='lat' dir='ltr'><strong>filia,</strong></span> 
     </span>
    </p>
   </div>
   <div class='ocr_carea' id='block_1_3' title="bbox 144 3684 1274 3839">
    <p class='ocr_par' dir='ltr' id='par_1_13' title="bbox 144 3684 1274 3839">
     <span class='ocr_line' id='line_1_41' title="bbox 144 3684 1274 3839; baseline 0.001 -90"><span class='ocrx_word' id='word_1_336' title='bbox 144 3689 176 3749; x_wconf 94' lang='lat' dir='ltr'><strong>in</strong></span> <span class='ocrx_word' id='word_1_337' title='bbox 200 3687 384 3752; x_wconf 86' lang='lat' dir='ltr'><strong>libertatem</strong></span> <span class='ocrx_word' id='word_1_338' title='bbox 406 3684 567 3752; x_wconf 84' lang='lat' dir='ltr'><strong>vindico“.</strong></span> <span class='ocrx_word' id='word_1_339' title='bbox 600 3696 714 3774; x_wconf 91' lang='lat' dir='ltr'><strong>pectus</strong></span> <span class='ocrx_word' id='word_1_340' title='bbox 738 3689 857 3754; x_wconf 90' lang='lat' dir='ltr'><strong>deinde</strong></span> <span class='ocrx_word' id='word_1_341' title='bbox 871 3687 1009 3839; x_wconf 77' lang='lat' dir='ltr'><strong>puellae</strong></span> <span class='ocrx_word' id='word_1_342' title='bbox 1032 3688 1194 3772; x_wconf 87' lang='lat' dir='ltr'><strong>transfigit</strong></span> <span class='ocrx_word' id='word_1_343' title='bbox 1224 3710 1274 3750; x_wconf 92' lang='lat' dir='ltr'><strong>re·</strong></span> 
     </span>
    </p>
   </div>
   <div class='ocr_carea' id='block_1_4' title="bbox 85 3771 1276 3942">
    <p class='ocr_par' dir='ltr' id='par_1_14' title="bbox 85 3771 1276 3942">
     <span class='ocr_line' id='line_1_42' title="bbox 139 3771 1275 3861; baseline -0.001 -26"><span class='ocrx_word' id='word_1_344' title='bbox 139 3784 361 3860; x_wconf 84' lang='lat' dir='ltr'><strong>spectansque</strong></span> <span class='ocrx_word' id='word_1_345' title='bbox 383 3771 593 3838; x_wconf 85' lang='lat' dir='ltr'><strong>adtribunal</strong></span> <span class='ocrx_word' id='word_1_346' title='bbox 618 3772 688 3859; x_wconf 79' lang='lat' dir='ltr'><strong>,te“</strong></span> <span class='ocrx_word' id='word_1_347' title='bbox 713 3776 826 3861; x_wconf 91' lang='lat' dir='ltr'><strong>inquit,</strong></span> <span class='ocrx_word' id='word_1_348' title='bbox 852 3824 867 3860; x_wconf 88' lang='lat'>„</span> <span class='ocrx_word' id='word_1_349' title='bbox 904 3776 969 3860; x_wconf 87' lang='lat' dir='ltr'><strong>ppi,</strong></span> <span class='ocrx_word' id='word_1_350' title='bbox 993 3785 1152 3858; x_wconf 91' lang='lat' dir='ltr'><strong>tuumque</strong></span> <span class='ocrx_word' id='word_1_351' title='bbox 1176 3782 1275 3858; x_wconf 89' lang='lat' dir='ltr'><strong>caput</strong></span> 
     </span>
     <span class='ocr_line' id='line_1_43' title="bbox 85 3859 1276 3942; baseline 0 -24"><span class='ocrx_word' id='word_1_352' title='bbox 85 3861 288 3942; x_wconf 76' lang='lat' dir='ltr'><strong>esanguine</strong></span> <span class='ocrx_word' id='word_1_353' title='bbox 310 3861 378 3928; x_wconf 85' lang='lat' dir='ltr'><strong>boc</strong></span> <span class='ocrx_word' id='word_1_354' title='bbox 402 3859 597 3928; x_wconf 81' lang='lat' dir='ltr'><strong>consecr0“.</strong></span> <span class='ocrx_word' id='word_1_355' title='bbox 621 3859 766 3928; x_wconf 88' lang='lat' dir='ltr'><strong>clamore</strong></span> <span class='ocrx_word' id='word_1_356' title='bbox 788 3863 833 3927; x_wconf 88' lang='lat' dir='ltr'><strong>ad</strong></span> <span class='ocrx_word' id='word_1_357' title='bbox 850 3872 922 3926; x_wconf 85' lang='lat' dir='ltr'><strong>tam</strong></span> <span class='ocrx_word' id='word_1_358' title='bbox 942 3871 1041 3923; x_wconf 73' lang='lat' dir='ltr'><strong>atrox</strong></span> <span class='ocrx_word' id='word_1_359' title='bbox 1056 3861 1184 3920; x_wconf 75' lang='lat' dir='ltr'><strong>tao&#39;xnus</strong></span> <span class='ocrx_word' id='word_1_360' title='bbox 1204 3869 1276 3920; x_wconf 73' lang='lat' dir='ltr'><strong>orto</strong></span> 
     </span>
    </p>
   </div>
   <div class='ocr_carea' id='block_1_5' title="bbox 0 0 1375 4146">
    <p class='ocr_par' dir='ltr' id='par_1_15' title="bbox 0 0 1375 4146">
     <span class='ocr_line' id='line_1_44' title="bbox 0 0 1375 4146; baseline 0 0"><span class='ocrx_word' id='word_1_361' title='bbox 0 0 1375 4146; x_wconf 95' lang='lat' dir='ltr'><strong> </strong></span> 
     </span>
    </p>
   </div>
  </div>
 </body>
</html>
