2738 4146
380 138 526 188 LIBERI.
546 137 620 188 CAP.
640 139 681 186 60.
700 139 741 187 bl.
763 135 795 203 [a.
815 135 848 186 U.
867 152 889 187 c.
908 134 1056 202 230-244]

115 326 131 376 1
261 308 300 374 L.
323 309 393 371 Iam
430 328 548 391 magna
577 307 733 392 Tarquini
766 307 942 370 auctoritas
977 306 1061 369 inter
1093 306 1288 374 Latinorum

156 417 308 480 proceres
332 403 411 471 erat,
436 414 509 456 cum
532 392 564 455 in
587 392 670 456 diem
696 401 816 456 certam
839 400 874 454 ut
897 390 938 453 ad
960 390 1068 454 lucum
1086 391 1287 459 Ferentinae

159 481 351 544 conveniant
372 478 498 541 indicit:
534 499 614 559 esse,
639 498 723 563 quae
746 498 843 559 agere
869 476 1029 540 derebus
1060 479 1289 544 communibus

119 582 134 629 a
157 564 245 630 velit.
270 565 466 628 conveniunt
481 563 666 648 frequentes
682 563 787 646 prima
801 561 887 641 lnce;
910 562 1286 647 ipseTarquiniusdiem

129 667 132 671 '
159 651 289 736 quidem
314 649 467 748 servavit2
491 649 548 712 sed
573 647 669 733 paulo
694 659 776 722 ante,
801 669 897 731 quam
923 646 970 711 sol
994 648 1167 729 occideret,
1183 652 1284 714 venit.

158 734 258 798 multa
280 735 325 798 ibi
347 744 414 798 toto
432 735 484 796 dre
506 734 538 795 in
555 734 690 796 concilio
707 733 804 796 variis
827 735 945 795 iactata
960 732 1163 797 sermonibus
1179 745 1283 800 erant.

117 836 133 885 8
157 821 284 885 Turnus
298 820 480 883 Herdonius
499 819 539 882 ab
551 819 662 881 Aricia
676 819 828 882 ferociter
842 819 875 881 in
890 817 1058 881 absentem
1068 818 1284 904 Tarquinium

158 917 227 970 erat
255 908 416 969 invectus:
453 904 537 966 haud
573 905 688 966 mirum
716 926 787 967 esse
815 902 962 988 Superbo
994 904 1132 967 inditum
1159 905 1284 970 Romae

160 1004 339 1074 cognomen
363 991 484 1052 —iam
509 989 592 1052 enim
614 990 660 1051 ita
683 989 765 1052 clam
790 990 921 1074 quidem
944 989 1158 1068 mussitantes,
1182 990 1284 1074 vulgo

157 1086 352 1140 tamencum
369 1073 575 1160 appellabant
591 1096 645 1154 —3
663 1096 702 1136 an
720 1076 891 1159 quicquam
909 1073 1080 1158 superbius
1096 1096 1168 1138 esse
1185 1098 1283 1161 quam

117 1161 316 1227 tludificari
349 1162 395 1223 sic
427 1182 521 1223 omne
553 1182 670 1223 nomen
699 1159 871 1222 Latinum?
908 1159 1109 1244 principibus
1141 1159 1238 1245 longe
1264 1184 1284 1226 a

159 1247 253 1309 domo
278 1247 390 1309 excitis
423 1247 539 1330 ipsum,
572 1247 627 1330 qui
659 1243 828 1309 concilium
860 1245 1023 1324 indixerit,
1054 1267 1119 1308 non
1152 1246 1281 1311 adesse.

157 1333 308 1416 temptari
317 1332 462 1415 profecto
475 1331 673 1415 patientiam,
684 1339 730 1410 ut,
747 1331 773 1393 si
788 1331 898 1414 iugum
915 1331 1107 1416 acceperint,
1120 1330 1281 1398 obnoxios

156 1426 291 1503 premat.
315 1417 365 1480 cui
389 1418 471 1480 enim
496 1438 559 1479 non
583 1437 751 1501 apparere,
775 1417 940 1479 adfectare
963 1438 1036 1480 eum
1053 1417 1225 1501 imperium
1244 1419 1278 1482 in

115 1521 131 1567 t
158 1500 313 1565 Latinos?
337 1503 421 1585 qnod
446 1502 473 1564 si
496 1502 545 1565 sui
567 1500 650 1564 bene
667 1502 862 1564 crediderint
885 1502 983 1582 cives,
1007 1511 1061 1564 aut
1076 1503 1103 1564 si
1119 1501 1280 1567 creditum

86 1580 131 1595 Ν
157 1588 236 1651 illud
260 1600 292 1650 et
307 1610 369 1650 non
386 1596 511 1672 raptum
528 1586 700 1672 parricidio
717 1588 766 1666 sit,
784 1588 918 1651 credere
941 1596 973 1650 et
995 1585 1137 1664 Latinos,
1162 1610 1274 1672 quam·

117 1693 131 1739 o
158 1695 253 1758 quam
276 1696 317 1737 ne
341 1673 534 1757 sicquidem
558 1672 765 1754 alienigenae,
791 1672 929 1753 debere;
954 1673 1001 1734 sin
1024 1694 1099 1736 suos
1116 1673 1183 1736 eius
1202 1696 1299 1758 pae·‘

157 1761 265 1838 niteat,
290 1759 410 1843 quippe
427 1759 481 1842 qni
504 1756 558 1821 alii
572 1779 670 1842 super
682 1757 761 1821 alios
777 1757 987 1828 trucidentur,
1006 1756 1170 1821 exulatum
1193 1771 1279 1841 eant,

157 1845 243 1907 bona
267 1844 423 1921 amittant,
455 1842 531 1927 qnid
563 1845 633 1928 spei
661 1841 801 1906 melioris
825 1843 947 1906 Latinis
978 1843 1152 1928 portendi?
1185 1845 1212 1906 si
1243 1868 1280 1909 se

157 1930 297 1999 audiant,
323 1929 455 1992 domum
478 1949 567 1991 suam
592 1950 754 2012 quemque
780 1928 856 1992 inde
880 1928 1022 1991 abituros
1045 1951 1151 2014 neque
1177 1931 1279 2014 magis

158 2015 386 2078 observaturos
410 2013 494 2075 diem
511 2014 645 2094 concilii,
665 2036 759 2098 quam
772 2015 853 2099 ipse,
865 2015 919 2101 qui
935 2013 1097 2095 indixerit,
1115 2014 1278 2080 observet.

117 2106 131 2154 7
157 2100 238 2161 haec
261 2108 358 2184 atque
381 2097 443 2161 alia
466 2099 579 2162 eodem
603 2101 796 2183 pertinentia
818 2099 990 2163 seditiosus
1012 2099 1281 2185 facinorosusque

156 2185 253 2248 homo
264 2183 379 2270 hisque
395 2183 516 2246 artibus
528 2205 606 2268 opes
620 2184 706 2247 domi
721 2194 923 2247 nactus-cum
937 2186 1075 2248 maxime
1092 2185 1278 2265 dissereret,

115 2277 131 2326 8
156 2271 330 2334 intervenit
344 2270 547 2355 Tarquinius.
570 2271 597 2333 is
620 2268 691 2333 finis
714 2270 850 2333 orationi
871 2270 947 2352 fuit3
970 2271 1076 2334 aversi
1099 2291 1210 2334 omnes
1236 2273 1278 2335 ad

156 2356 365 2441 Tarquinium
377 2355 591 2420 salutandum.
609 2355 664 2441 qni
681 2353 806 2418 silentio
822 2356 906 2419 facto
925 2356 1062 2419 monitus
1076 2377 1096 2418 a
1108 2358 1276 2440 proximis,

156 2451 191 2505 ut
214 2450 367 2527 purgaret
382 2462 427 2524 se,
452 2441 537 2524 quod
560 2441 593 2503 id
612 2442 767 2526 temporis
789 2443 938 2522 venisset,
961 2441 1207 2525 disceptatorem
1233 2445 1279 2506 ait

148 2548 191 2591 se
215 2536 379 2612 sumptum
402 2527 486 2590 inter
506 2536 632 2611 patrem
663 2538 695 2590 et
723 2525 833 2609 filium,
862 2548 940 2591 cura
965 2527 1192 2591 reconciliandi
1209 2550 1278 2592 ¹eos

156 2615 346 2695 ingratiam
370 2622 529 2675 moratum
558 2634 629 2675 esse
657 2621 699 2694 et,
734 2614 810 2698 quia
841 2634 879 2676 ea
906 2633 959 2675 res
987 2614 1160 2676 exemisset
1186 2612 1277 2677 illum

117 2706 131 2752 9
157 2698 252 2776 diem,
275 2706 405 2782 postero
429 2698 481 2760 die
503 2707 660 2778 acturum,
684 2720 766 2781 quae
783 2699 1009 2761 constituisset.
1032 2719 1072 2760 ne
1094 2698 1128 2761 id
1145 2698 1277 2784 quidem

156 2783 196 2847 ab
206 2782 314 2846 Turno
325 2781 435 2845 tulisse
446 2783 577 2845 tacitum
588 2782 707 2862 ferunt3
727 2783 847 2847 dixisse
864 2784 946 2847 enim
958 2782 1077 2847 nullam
1090 2782 1275 2848 breviorem

158 2890 228 2931 esse
252 2870 466 2951 cognitionem
494 2888 588 2952 quam
618 2869 701 2930 inter
730 2877 855 2952 patrem
888 2878 920 2933 et
951 2868 1062 2949 filium,
1095 2870 1276 2955 paucisque

155 2954 290 3036 transigi
330 2952 438 3016 verbis
467 2973 580 3037 posset
616 2955 650 3016 ni
683 2964 796 3038 pareat
827 2956 920 3039 patri,
962 2954 1147 3018 habiturum
1180 2956 1278 3019 infor-

156 3040 278 3102 tunium
303 3060 383 3102 esse·
1280 3044 1283 3049 ’

62 3136 129 3197 ἡι
258 3125 312 3187 LI.
338 3124 429 3187 Haec
451 3122 601 3187 Aricinus
632 3126 664 3187 in
695 3146 804 3207 regem
832 3124 1013 3188 Romanum
1037 3125 1207 3210 increpans
1232 3150 1277 3192 ex

158 3209 292 3273 concilio
304 3210 392 3274 abiit.
416 3230 511 3295 quam
524 3231 591 3272 rem
608 3211 800 3293 Tarquinius
817 3209 979 3294 aliquanto
990 3233 1085 3296 quam
1103 3211 1278 3276 videbatur

157 3296 283 3376 aegrius
299 3295 590 3367 ferens,confestim
601 3295 710 3359 Turno
727 3317 839 3359 necem
856 3295 1067 3374 machinatur,
1085 3305 1121 3360 ut
1136 3298 1278 3364 eundem

156 3390 322 3461 terrorem,
352 3403 414 3466 quo
438 3380 555 3444 civium
579 3383 702 3444 animos
726 3381 813 3444 domi
836 3392 1051 3464 oppresserat,
1075 3382 1197 3445 Latinis
1218 3384 1277 3447 ini·

117 3480 131 3526 2
157 3475 251 3529 cerct.
277 3474 309 3529 et
324 3469 399 3552 quia
414 3487 472 3550 pro
495 3466 630 3549 imperio
653 3465 759 3552 palam
780 3466 918 3530 interfici
933 3488 997 3530 non
1013 3477 1148 3551 poterat,
1166 3468 1277 3535 obia⁴o

156 3550 236 3614 falso
261 3551 392 3615 crimine
416 3554 572 3615 insontem
592 3553 753 3636 oppressit.
768 3573 828 3636 per
850 3552 1008 3617 adversae
1023 3553 1167 3618 factionis
1179 3577 1276 3641 quos-

157 3636 229 3698 dam
243 3638 389 3701 Aricinos
406 3659 535 3710 servum
551 3636 651 3700 Turni
674 3658 752 3700 auro
770 3639 920 3722 corrupit,
944 3647 979 3701 ut
1001 3639 1033 3701 in
1052 3640 1276 3706 deversorium

116 3739 131 3785 s
158 3723 225 3786 eius
248 3723 313 3786 vim
336 3745 485 3806 magnam
513 3721 694 3805 gladiorum
720 3723 831 3786 inferri
857 3722 939 3786 clam
967 3724 1096 3789 sineret.
1136 3748 1174 3790 ea
1202 3751 1276 3795 rum

157 3830 219 3872 una
250 3815 345 3873 nocte
376 3807 521 3894 perfecta
553 3816 670 3888 essent,
707 3807 899 3892 Tarquinius
932 3807 1029 3892 paulo
1063 3820 1136 3875 ante
1169 3811 1278 3878 lucem

379 4052 410 4078 A
486 4068 489 4077 .
