<?xml version="1.0" encoding="UTF-8"?>
<!DOCTYPE html PUBLIC "-//W3C//DTD XHTML 1.0 Transitional//EN"
    "http://www.w3.org/TR/xhtml1/DTD/xhtml1-transitional.dtd">
<html xmlns="http://www.w3.org/1999/xhtml" xml:lang="en" lang="en">
 <head>
  <title>
</title>
<meta http-equiv="Content-Type" content="text/html;charset=utf-8" />
  <meta name='ocr-system' content='tesseract 3.04.00' />
  <meta name='ocr-capabilities' content='ocr_page ocr_carea ocr_par ocr_line ocrx_word'/>
</head>
<body>
  <div class='ocr_page' id='page_1' title='image "./aburbeconditali02livygoog_0018.png"; bbox 0 0 2738 4146; ppageno 0'>
   <div class='ocr_carea' id='block_1_1' title="bbox 475 82 1239 186">
    <p class='ocr_par' dir='ltr' id='par_1_1' title="bbox 475 82 1239 186">
     <span class='ocr_line' id='line_1_1' title="bbox 475 82 1239 186; baseline 0.001 -14"><span class='ocrx_word' id='word_1_1' title='bbox 475 123 584 172; x_wconf 77' lang='lat' dir='ltr'>Linus</span> <span class='ocrx_word' id='word_1_2' title='bbox 601 124 622 172; x_wconf 91' lang='lat'>1.</span> <span class='ocrx_word' id='word_1_3' title='bbox 659 122 735 172; x_wconf 75' lang='lat' dir='ltr'>cnr.</span> <span class='ocrx_word' id='word_1_4' title='bbox 753 127 778 173; x_wconf 82' lang='lat' dir='ltr'>a.</span> <span class='ocrx_word' id='word_1_5' title='bbox 796 125 821 174; x_wconf 85' lang='lat'>4.</span> <span class='ocrx_word' id='word_1_6' title='bbox 840 127 864 176; x_wconf 79' lang='lat' dir='ltr'>c.</span> <span class='ocrx_word' id='word_1_7' title='bbox 1154 82 1157 87; x_wconf 28' lang='lat'><strong>⁴</strong></span> <span class='ocrx_word' id='word_1_8' title='bbox 1218 111 1239 186; x_wconf 71' lang='lat'><strong>5</strong></span> 
     </span>
    </p>
   </div>
   <div class='ocr_carea' id='block_1_2' title="bbox 52 293 1297 3911">
    <p class='ocr_par' dir='ltr' id='par_1_2' title="bbox 52 293 1239 627">
     <span class='ocr_line' id='line_1_2' title="bbox 54 293 1239 379; baseline -0.001 -20"><span class='ocrx_word' id='word_1_9' title='bbox 54 293 202 361; x_wconf 77' lang='lat' dir='ltr'><strong>Amulius</strong></span> <span class='ocrx_word' id='word_1_10' title='bbox 227 303 351 378; x_wconf 91' lang='lat' dir='ltr'>regnat.</span> <span class='ocrx_word' id='word_1_11' title='bbox 376 294 469 358; x_wconf 84' lang='lat' dir='ltr'>addit</span> <span class='ocrx_word' id='word_1_12' title='bbox 491 294 605 358; x_wconf 87' lang='lat' dir='ltr'>sceleri</span> <span class='ocrx_word' id='word_1_13' title='bbox 629 293 749 358; x_wconf 88' lang='lat' dir='ltr'>scelus:</span> <span class='ocrx_word' id='word_1_14' title='bbox 778 296 911 379; x_wconf 82' lang='lat' dir='ltr'>stirpem</span> <span class='ocrx_word' id='word_1_15' title='bbox 927 295 1036 359; x_wconf 87' lang='lat' dir='ltr'>fratris</span> <span class='ocrx_word' id='word_1_16' title='bbox 1059 293 1191 376; x_wconf 20' lang='lat' dir='ltr'>virilem,</span> <span class='ocrx_word' id='word_1_17' title='bbox 1206 315 1239 364; x_wconf 88' lang='lat'>11</span> 
     </span>
     <span class='ocr_line' id='line_1_3' title="bbox 55 379 1187 467; baseline 0 -22"><span class='ocrx_word' id='word_1_18' title='bbox 55 382 225 461; x_wconf 74' lang='lat' dir='ltr'>interimit,</span> <span class='ocrx_word' id='word_1_19' title='bbox 263 381 371 443; x_wconf 89' lang='lat' dir='ltr'>fratris</span> <span class='ocrx_word' id='word_1_20' title='bbox 402 379 488 442; x_wconf 87' lang='lat' dir='ltr'>filiae</span> <span class='ocrx_word' id='word_1_21' title='bbox 520 381 607 444; x_wconf 88' lang='lat' dir='ltr'>Reae</span> <span class='ocrx_word' id='word_1_22' title='bbox 640 380 760 444; x_wconf 85' lang='lat' dir='ltr'>Silviae</span> <span class='ocrx_word' id='word_1_23' title='bbox 784 403 843 467; x_wconf 88' lang='lat' dir='ltr'>per</span> <span class='ocrx_word' id='word_1_24' title='bbox 877 384 1020 467; x_wconf 87' lang='lat' dir='ltr'>speciem</span> <span class='ocrx_word' id='word_1_25' title='bbox 1043 380 1187 463; x_wconf 89' lang='lat' dir='ltr'>honoris,</span> 
     </span>
     <span class='ocr_line' id='line_1_4' title="bbox 52 465 1186 552; baseline -0.001 -20"><span class='ocrx_word' id='word_1_26' title='bbox 52 492 129 532; x_wconf 90' lang='lat' dir='ltr'>cum</span> <span class='ocrx_word' id='word_1_27' title='bbox 154 465 321 530; x_wconf 84' lang='lat' dir='ltr'>Vestalem</span> <span class='ocrx_word' id='word_1_28' title='bbox 344 488 414 529; x_wconf 88' lang='lat' dir='ltr'>eam</span> <span class='ocrx_word' id='word_1_29' title='bbox 439 465 582 550; x_wconf 85' lang='lat' dir='ltr'>legisset,</span> <span class='ocrx_word' id='word_1_30' title='bbox 606 477 766 552; x_wconf 91' lang='lat' dir='ltr'>perpetua</span> <span class='ocrx_word' id='word_1_31' title='bbox 789 468 973 550; x_wconf 90' lang='lat' dir='ltr'>virginitate</span> <span class='ocrx_word' id='word_1_32' title='bbox 997 490 1089 552; x_wconf 91' lang='lat' dir='ltr'>spem</span> <span class='ocrx_word' id='word_1_33' title='bbox 1113 489 1186 552; x_wconf 89' lang='lat' dir='ltr'>par·</span> 
     </span>
     <span class='ocr_line' id='line_1_5' title="bbox 53 553 388 627; baseline -0.012 -9"><span class='ocrx_word' id='word_1_34' title='bbox 53 566 108 618; x_wconf 90' lang='lat' dir='ltr'>tus</span> <span class='ocrx_word' id='word_1_35' title='bbox 131 553 253 616; x_wconf 85' lang='lat' dir='ltr'>adimit.</span> <span class='ocrx_word' id='word_1_36' title='bbox 385 622 388 627; x_wconf 41' lang='grc'>,</span> 
     </span>
    </p>

    <p class='ocr_par' dir='ltr' id='par_1_3' title="bbox 54 636 1293 3024">
     <span class='ocr_line' id='line_1_6' title="bbox 159 636 1219 723; baseline 0 -21"><span class='ocrx_word' id='word_1_37' title='bbox 159 639 217 702; x_wconf 87' lang='lat' dir='ltr'>IV.</span> <span class='ocrx_word' id='word_1_38' title='bbox 242 636 307 702; x_wconf 86' lang='lat' dir='ltr'>Sed</span> <span class='ocrx_word' id='word_1_39' title='bbox 332 636 525 718; x_wconf 87' lang='lat' dir='ltr'>debebatur,</span> <span class='ocrx_word' id='word_1_40' title='bbox 548 647 585 700; x_wconf 94' lang='lat' dir='ltr'>ut</span> <span class='ocrx_word' id='word_1_41' title='bbox 608 639 732 723; x_wconf 90' lang='lat' dir='ltr'>opinor,</span> <span class='ocrx_word' id='word_1_42' title='bbox 755 638 830 701; x_wconf 88' lang='lat' dir='ltr'>fatis</span> <span class='ocrx_word' id='word_1_43' title='bbox 853 647 963 702; x_wconf 88' lang='lat' dir='ltr'>tantae</span> <span class='ocrx_word' id='word_1_44' title='bbox 987 640 1078 722; x_wconf 91' lang='lat' dir='ltr'>origo</span> <span class='ocrx_word' id='word_1_45' title='bbox 1096 637 1185 702; x_wconf 90' lang='lat' dir='ltr'>urbis</span> <span class='ocrx_word' id='word_1_46' title='bbox 1204 659 1219 708; x_wconf 89' lang='lat'>1</span> 
     </span>
     <span class='ocr_line' id='line_1_7' title="bbox 56 723 1221 810; baseline -0.002 -22"><span class='ocrx_word' id='word_1_47' title='bbox 56 727 257 810; x_wconf 84' lang='lat' dir='ltr'>maximique</span> <span class='ocrx_word' id='word_1_48' title='bbox 280 723 458 787; x_wconf 92' lang='lat' dir='ltr'>secundum</span> <span class='ocrx_word' id='word_1_49' title='bbox 483 723 618 786; x_wconf 90' lang='lat' dir='ltr'>deorum</span> <span class='ocrx_word' id='word_1_50' title='bbox 645 746 724 808; x_wconf 90' lang='lat' dir='ltr'>opes</span> <span class='ocrx_word' id='word_1_51' title='bbox 754 725 882 810; x_wconf 88' lang='lat' dir='ltr'>imperii</span> <span class='ocrx_word' id='word_1_52' title='bbox 897 724 1104 808; x_wconf 87' lang='lat' dir='ltr'>principium.</span> <span class='ocrx_word' id='word_1_53' title='bbox 1123 724 1221 796; x_wconf 76' lang='lat' dir='ltr'>Ve-2</span> 
     </span>
     <span class='ocr_line' id='line_1_8' title="bbox 55 810 1188 896; baseline 0 -22"><span class='ocrx_word' id='word_1_54' title='bbox 55 811 148 874; x_wconf 91' lang='lat' dir='ltr'>stalis</span> <span class='ocrx_word' id='word_1_55' title='bbox 172 831 243 872; x_wconf 90' lang='lat' dir='ltr'>cum</span> <span class='ocrx_word' id='word_1_56' title='bbox 260 811 424 893; x_wconf 89' lang='lat' dir='ltr'>geminum</span> <span class='ocrx_word' id='word_1_57' title='bbox 441 821 570 894; x_wconf 89' lang='lat' dir='ltr'>partum</span> <span class='ocrx_word' id='word_1_58' title='bbox 593 810 758 889; x_wconf 82' lang='lat' dir='ltr'>edidisset,</span> <span class='ocrx_word' id='word_1_59' title='bbox 782 819 841 873; x_wconf 89' lang='lat' dir='ltr'>s&#39;eu</span> <span class='ocrx_word' id='word_1_60' title='bbox 863 813 908 873; x_wconf 90' lang='lat' dir='ltr'>ita</span> <span class='ocrx_word' id='word_1_61' title='bbox 929 820 1010 891; x_wconf 90' lang='lat' dir='ltr'>rata,</span> <span class='ocrx_word' id='word_1_62' title='bbox 1034 833 1093 873; x_wconf 91' lang='lat' dir='ltr'>seu</span> <span class='ocrx_word' id='word_1_63' title='bbox 1109 811 1188 896; x_wconf 88' lang='lat' dir='ltr'>quia</span> 
     </span>
     <span class='ocr_line' id='line_1_9' title="bbox 54 893 1186 981; baseline 0 -21"><span class='ocrx_word' id='word_1_64' title='bbox 54 897 138 960; x_wconf 91' lang='lat' dir='ltr'>deus</span> <span class='ocrx_word' id='word_1_65' title='bbox 163 905 276 960; x_wconf 78' lang='lat' dir='ltr'>auctor</span> <span class='ocrx_word' id='word_1_66' title='bbox 299 893 415 980; x_wconf 90' lang='lat' dir='ltr'>culpae</span> <span class='ocrx_word' id='word_1_67' title='bbox 437 895 605 959; x_wconf 89' lang='lat' dir='ltr'>honestior</span> <span class='ocrx_word' id='word_1_68' title='bbox 627 905 706 977; x_wconf 89' lang='lat' dir='ltr'>erat,</span> <span class='ocrx_word' id='word_1_69' title='bbox 738 895 878 959; x_wconf 89' lang='lat' dir='ltr'>Martem</span> <span class='ocrx_word' id='word_1_70' title='bbox 911 897 1052 959; x_wconf 82' lang='lat' dir='ltr'>incertae</span> <span class='ocrx_word' id='word_1_71' title='bbox 1075 898 1186 981; x_wconf 81' lang='lat' dir='ltr'>stirpis</span> 
     </span>
     <span class='ocr_line' id='line_1_10' title="bbox 54 981 1222 1068; baseline 0.002 -23"><span class='ocrx_word' id='word_1_72' title='bbox 54 993 184 1068; x_wconf 88' lang='lat' dir='ltr'>patrem</span> <span class='ocrx_word' id='word_1_73' title='bbox 205 992 381 1066; x_wconf 88' lang='lat' dir='ltr'>nuncupat.</span> <span class='ocrx_word' id='word_1_74' title='bbox 420 981 479 1046; x_wconf 91' lang='lat' dir='ltr'>sed</span> <span class='ocrx_word' id='word_1_75' title='bbox 512 1003 573 1052; x_wconf 81' lang='lat' dir='ltr'>nec</span> <span class='ocrx_word' id='word_1_76' title='bbox 601 981 644 1043; x_wconf 92' lang='lat' dir='ltr'>dii</span> <span class='ocrx_word' id='word_1_77' title='bbox 669 1003 731 1046; x_wconf 91' lang='lat' dir='ltr'>nec</span> <span class='ocrx_word' id='word_1_78' title='bbox 753 981 901 1045; x_wconf 90' lang='lat' dir='ltr'>homines</span> <span class='ocrx_word' id='word_1_79' title='bbox 925 991 980 1045; x_wconf 94' lang='lat' dir='ltr'>aut</span> <span class='ocrx_word' id='word_1_80' title='bbox 1002 983 1106 1066; x_wconf 92' lang='lat' dir='ltr'>ipsam</span> <span class='ocrx_word' id='word_1_81' title='bbox 1131 991 1222 1055; x_wconf 74' lang='lat' dir='ltr'>auts</span> 
     </span>
     <span class='ocr_line' id='line_1_11' title="bbox 56 1066 1187 1152; baseline -0.001 -20"><span class='ocrx_word' id='word_1_82' title='bbox 56 1071 194 1152; x_wconf 85' lang='lat' dir='ltr'>stirpem</span> <span class='ocrx_word' id='word_1_83' title='bbox 218 1090 237 1130; x_wconf 92' lang='lat' dir='ltr'>a</span> <span class='ocrx_word' id='word_1_84' title='bbox 265 1066 457 1131; x_wconf 84' lang='lat' dir='ltr'>crudelitate</span> <span class='ocrx_word' id='word_1_85' title='bbox 489 1069 579 1150; x_wconf 87' lang='lat' dir='ltr'>regia</span> <span class='ocrx_word' id='word_1_86' title='bbox 609 1067 790 1148; x_wconf 80' lang='lat' dir='ltr'>vindicant3</span> <span class='ocrx_word' id='word_1_87' title='bbox 828 1068 982 1131; x_wconf 78' lang='lat' dir='ltr'>sacerdos</span> <span class='ocrx_word' id='word_1_88' title='bbox 1012 1069 1122 1131; x_wconf 87' lang='lat' dir='ltr'>vincta</span> <span class='ocrx_word' id='word_1_89' title='bbox 1153 1069 1187 1131; x_wconf 94' lang='lat' dir='ltr'>in</span> 
     </span>
     <span class='ocr_line' id='line_1_12' title="bbox 54 1152 1185 1239; baseline -0.001 -22"><span class='ocrx_word' id='word_1_90' title='bbox 54 1154 240 1218; x_wconf 86' lang='lat' dir='ltr'>custodiam</span> <span class='ocrx_word' id='word_1_91' title='bbox 264 1153 369 1233; x_wconf 88' lang='lat' dir='ltr'>datur,</span> <span class='ocrx_word' id='word_1_92' title='bbox 396 1175 515 1237; x_wconf 90' lang='lat' dir='ltr'>pueros</span> <span class='ocrx_word' id='word_1_93' title='bbox 539 1156 570 1214; x_wconf 94' lang='lat' dir='ltr'>in</span> <span class='ocrx_word' id='word_1_94' title='bbox 594 1152 807 1237; x_wconf 87' lang='lat' dir='ltr'>profluentem</span> <span class='ocrx_word' id='word_1_95' title='bbox 837 1175 953 1239; x_wconf 90' lang='lat' dir='ltr'>aquam</span> <span class='ocrx_word' id='word_1_96' title='bbox 977 1154 1060 1216; x_wconf 88' lang='lat' dir='ltr'>mitti</span> <span class='ocrx_word' id='word_1_97' title='bbox 1084 1153 1185 1218; x_wconf 90' lang='lat' dir='ltr'>iubet.</span> 
     </span>
     <span class='ocr_line' id='line_1_13' title="bbox 54 1239 1220 1324; baseline -0.001 -20"><span class='ocrx_word' id='word_1_98' title='bbox 54 1241 141 1304; x_wconf 76' lang='lat' dir='ltr'>forte</span> <span class='ocrx_word' id='word_1_99' title='bbox 166 1239 307 1324; x_wconf 89' lang='lat' dir='ltr'>quadam</span> <span class='ocrx_word' id='word_1_100' title='bbox 332 1240 485 1302; x_wconf 90' lang='lat' dir='ltr'>divinitus</span> <span class='ocrx_word' id='word_1_101' title='bbox 515 1261 612 1322; x_wconf 90' lang='lat' dir='ltr'>super</span> <span class='ocrx_word' id='word_1_102' title='bbox 642 1241 730 1324; x_wconf 89' lang='lat' dir='ltr'>ripas</span> <span class='ocrx_word' id='word_1_103' title='bbox 753 1239 882 1303; x_wconf 84' lang='lat' dir='ltr'>Tiberis</span> <span class='ocrx_word' id='word_1_104' title='bbox 914 1239 1034 1316; x_wconf 87' lang='lat' dir='ltr'>effusus</span> <span class='ocrx_word' id='word_1_105' title='bbox 1057 1239 1220 1314; x_wconf 82' lang='lat' dir='ltr'>lenibus4</span> 
     </span>
     <span class='ocr_line' id='line_1_14' title="bbox 55 1325 1187 1411; baseline 0 -22"><span class='ocrx_word' id='word_1_106' title='bbox 55 1326 180 1408; x_wconf 82' lang='lat' dir='ltr'>stagnis</span> <span class='ocrx_word' id='word_1_107' title='bbox 203 1347 264 1389; x_wconf 91' lang='lat' dir='ltr'>nec</span> <span class='ocrx_word' id='word_1_108' title='bbox 287 1325 369 1388; x_wconf 92' lang='lat' dir='ltr'>adiri</span> <span class='ocrx_word' id='word_1_109' title='bbox 391 1348 530 1411; x_wconf 90' lang='lat' dir='ltr'>usquam</span> <span class='ocrx_word' id='word_1_110' title='bbox 555 1325 597 1387; x_wconf 90' lang='lat' dir='ltr'>ad</span> <span class='ocrx_word' id='word_1_111' title='bbox 621 1325 696 1388; x_wconf 88' lang='lat' dir='ltr'>iusti</span> <span class='ocrx_word' id='word_1_112' title='bbox 719 1348 849 1389; x_wconf 91' lang='lat' dir='ltr'>cursum</span> <span class='ocrx_word' id='word_1_113' title='bbox 873 1335 1002 1411; x_wconf 89' lang='lat' dir='ltr'>poterat</span> <span class='ocrx_word' id='word_1_114' title='bbox 1019 1326 1128 1389; x_wconf 85' lang='lat' dir='ltr'>&#39;amnis</span> <span class='ocrx_word' id='word_1_115' title='bbox 1153 1335 1187 1389; x_wconf 86' lang='lat' dir='ltr'>et</span> 
     </span>
     <span class='ocr_line' id='line_1_15' title="bbox 56 1410 1186 1497; baseline 0.001 -23"><span class='ocrx_word' id='word_1_116' title='bbox 56 1434 154 1496; x_wconf 90' lang='lat' dir='ltr'>posse</span> <span class='ocrx_word' id='word_1_117' title='bbox 179 1413 328 1497; x_wconf 89' lang='lat' dir='ltr'>quamvis</span> <span class='ocrx_word' id='word_1_118' title='bbox 351 1410 504 1495; x_wconf 88' lang='lat' dir='ltr'>languida</span> <span class='ocrx_word' id='word_1_119' title='bbox 527 1413 630 1494; x_wconf 85' lang='lat' dir='ltr'>mergi</span> <span class='ocrx_word' id='word_1_120' title='bbox 646 1433 731 1497; x_wconf 89' lang='lat' dir='ltr'>aqua</span> <span class='ocrx_word' id='word_1_121' title='bbox 745 1411 883 1475; x_wconf 88' lang='lat' dir='ltr'>infantes</span> <span class='ocrx_word' id='word_1_122' title='bbox 899 1416 991 1496; x_wconf 91' lang='lat' dir='ltr'>spem</span> <span class='ocrx_word' id='word_1_123' title='bbox 1006 1410 1186 1475; x_wconf 84' lang='lat' dir='ltr'>ferentibus</span> 
     </span>
     <span class='ocr_line' id='line_1_16' title="bbox 57 1496 1222 1582; baseline 0 -22"><span class='ocrx_word' id='word_1_124' title='bbox 57 1498 167 1561; x_wconf 91' lang='lat' dir='ltr'>dabat.</span> <span class='ocrx_word' id='word_1_125' title='bbox 205 1498 260 1576; x_wconf 90' lang='lat' dir='ltr'>ita,</span> <span class='ocrx_word' id='word_1_126' title='bbox 284 1496 374 1561; x_wconf 88' lang='lat' dir='ltr'>velut</span> <span class='ocrx_word' id='word_1_127' title='bbox 397 1497 541 1561; x_wconf 89' lang='lat' dir='ltr'>defuncti</span> <span class='ocrx_word' id='word_1_128' title='bbox 563 1498 650 1580; x_wconf 90' lang='lat' dir='ltr'>regis</span> <span class='ocrx_word' id='word_1_129' title='bbox 674 1498 821 1582; x_wconf 88' lang='lat' dir='ltr'>imperio,</span> <span class='ocrx_word' id='word_1_130' title='bbox 840 1499 873 1560; x_wconf 93' lang='lat' dir='ltr'>in</span> <span class='ocrx_word' id='word_1_131' title='bbox 895 1497 1046 1582; x_wconf 83' lang='lat' dir='ltr'>proxima</span> <span class='ocrx_word' id='word_1_132' title='bbox 1069 1496 1186 1580; x_wconf 90' lang='lat' dir='ltr'>eluvie,</span> <span class='ocrx_word' id='word_1_133' title='bbox 1205 1513 1222 1560; x_wconf 82' lang='lat'><strong>5</strong></span> 
     </span>
     <span class='ocr_line' id='line_1_17' title="bbox 57 1581 1187 1648; baseline 0.001 -1"><span class='ocrx_word' id='word_1_134' title='bbox 57 1584 113 1647; x_wconf 88' lang='lat' dir='ltr'>ubi</span> <span class='ocrx_word' id='word_1_135' title='bbox 137 1605 222 1646; x_wconf 93' lang='lat' dir='ltr'>nunc</span> <span class='ocrx_word' id='word_1_136' title='bbox 243 1582 325 1646; x_wconf 89' lang='lat' dir='ltr'>ficus</span> <span class='ocrx_word' id='word_1_137' title='bbox 347 1581 530 1647; x_wconf 86' lang='lat' dir='ltr'>Ruminalis</span> <span class='ocrx_word' id='word_1_138' title='bbox 554 1594 603 1646; x_wconf 92' lang='lat' dir='ltr'>est</span> <span class='ocrx_word' id='word_1_139' title='bbox 625 1621 667 1630; x_wconf 90' lang='lat'>—</span> <span class='ocrx_word' id='word_1_140' title='bbox 690 1581 899 1646; x_wconf 88' lang='lat' dir='ltr'>Romularem</span> <span class='ocrx_word' id='word_1_141' title='bbox 914 1593 1063 1646; x_wconf 86' lang='lat' dir='ltr'>vocatam</span> <span class='ocrx_word' id='word_1_142' title='bbox 1077 1583 1187 1648; x_wconf 83' lang='lat' dir='ltr'>serunt</span> 
     </span>
     <span class='ocr_line' id='line_1_18' title="bbox 56 1667 1293 1754; baseline 0.002 -22"><span class='ocrx_word' id='word_1_143' title='bbox 56 1691 242 1754; x_wconf 90' lang='lat' dir='ltr'>—pueros</span> <span class='ocrx_word' id='word_1_144' title='bbox 277 1679 454 1754; x_wconf 86' lang='lat' dir='ltr'>exponunt.</span> <span class='ocrx_word' id='word_1_145' title='bbox 492 1680 604 1733; x_wconf 89' lang='lat' dir='ltr'>vastae</span> <span class='ocrx_word' id='word_1_146' title='bbox 636 1677 706 1733; x_wconf 90' lang='lat' dir='ltr'>tum</span> <span class='ocrx_word' id='word_1_147' title='bbox 739 1671 771 1732; x_wconf 93' lang='lat' dir='ltr'>in</span> <span class='ocrx_word' id='word_1_148' title='bbox 803 1667 854 1732; x_wconf 91' lang='lat' dir='ltr'>his</span> <span class='ocrx_word' id='word_1_149' title='bbox 886 1667 966 1733; x_wconf 89' lang='lat' dir='ltr'>locis</span> <span class='ocrx_word' id='word_1_150' title='bbox 991 1669 1221 1734; x_wconf 78' lang='lat' dir='ltr'>solitudineso</span> <span class='ocrx_word' id='word_1_151' title='bbox 1290 1679 1293 1682; x_wconf 50' lang='lat'><strong>⁴</strong></span> 
     </span>
     <span class='ocr_line' id='line_1_19' title="bbox 56 1754 1188 1840; baseline 0 -21"><span class='ocrx_word' id='word_1_152' title='bbox 56 1765 160 1819; x_wconf 92' lang='lat' dir='ltr'>erant.</span> <span class='ocrx_word' id='word_1_153' title='bbox 199 1764 288 1818; x_wconf 90' lang='lat' dir='ltr'>tenet</span> <span class='ocrx_word' id='word_1_154' title='bbox 319 1755 415 1838; x_wconf 88' lang='lat' dir='ltr'>fama,</span> <span class='ocrx_word' id='word_1_155' title='bbox 453 1777 527 1818; x_wconf 89' lang='lat' dir='ltr'>cum</span> <span class='ocrx_word' id='word_1_156' title='bbox 559 1754 741 1818; x_wconf 87' lang='lat' dir='ltr'>fluitantem</span> <span class='ocrx_word' id='word_1_157' title='bbox 773 1754 912 1834; x_wconf 87' lang='lat' dir='ltr'>alveum,</span> <span class='ocrx_word' id='word_1_158' title='bbox 953 1775 1017 1840; x_wconf 90' lang='lat' dir='ltr'>quo</span> <span class='ocrx_word' id='word_1_159' title='bbox 1046 1756 1188 1840; x_wconf 86' lang='lat' dir='ltr'>expositi</span> 
     </span>
     <span class='ocr_line' id='line_1_20' title="bbox 55 1840 1186 1927; baseline -0.002 -22"><span class='ocrx_word' id='word_1_160' title='bbox 55 1851 149 1906; x_wconf 90' lang='lat' dir='ltr'>erant</span> <span class='ocrx_word' id='word_1_161' title='bbox 172 1843 274 1925; x_wconf 89' lang='lat' dir='ltr'>pueri,</span> <span class='ocrx_word' id='word_1_162' title='bbox 297 1843 403 1904; x_wconf 90' lang='lat' dir='ltr'>tenuis</span> <span class='ocrx_word' id='word_1_163' title='bbox 424 1841 457 1902; x_wconf 94' lang='lat' dir='ltr'>in</span> <span class='ocrx_word' id='word_1_164' title='bbox 481 1842 568 1904; x_wconf 90' lang='lat' dir='ltr'>sicco</span> <span class='ocrx_word' id='word_1_165' title='bbox 592 1863 678 1927; x_wconf 91' lang='lat' dir='ltr'>aqua</span> <span class='ocrx_word' id='word_1_166' title='bbox 701 1841 911 1922; x_wconf 87' lang='lat' dir='ltr'>destituisset,</span> <span class='ocrx_word' id='word_1_167' title='bbox 943 1840 1053 1925; x_wconf 91' lang='lat' dir='ltr'>lupam</span> <span class='ocrx_word' id='word_1_168' title='bbox 1078 1843 1186 1904; x_wconf 91' lang='lat' dir='ltr'>sitien-</span> 
     </span>
     <span class='ocr_line' id='line_1_21' title="bbox 56 1925 1186 2013; baseline 0 -22"><span class='ocrx_word' id='word_1_169' title='bbox 56 1937 123 1992; x_wconf 90' lang='lat' dir='ltr'>tem</span> <span class='ocrx_word' id='word_1_170' title='bbox 148 1949 191 1989; x_wconf 90' lang='lat' dir='ltr'>ex</span> <span class='ocrx_word' id='word_1_171' title='bbox 212 1925 387 2008; x_wconf 89' lang='lat' dir='ltr'>montibus,</span> <span class='ocrx_word' id='word_1_172' title='bbox 410 1931 466 2012; x_wconf 89' lang='lat' dir='ltr'>qui</span> <span class='ocrx_word' id='word_1_173' title='bbox 489 1929 575 1991; x_wconf 91' lang='lat' dir='ltr'>circa</span> <span class='ocrx_word' id='word_1_174' title='bbox 597 1937 681 2008; x_wconf 88' lang='lat' dir='ltr'>sunt,</span> <span class='ocrx_word' id='word_1_175' title='bbox 705 1927 746 1991; x_wconf 94' lang='lat' dir='ltr'>ad</span> <span class='ocrx_word' id='word_1_176' title='bbox 769 1927 929 2013; x_wconf 89' lang='lat' dir='ltr'>puerilem</span> <span class='ocrx_word' id='word_1_177' title='bbox 952 1928 1097 2007; x_wconf 86' lang='lat' dir='ltr'>vagitum</span> <span class='ocrx_word' id='word_1_178' title='bbox 1115 1948 1186 1991; x_wconf 91' lang='lat' dir='ltr'>cur·</span> 
     </span>
     <span class='ocr_line' id='line_1_22' title="bbox 55 1984 1186 2098; baseline 0.001 -21"><span class='ocrx_word' id='word_1_179' title='bbox 55 2036 129 2077; x_wconf 88' lang='lat' dir='ltr'>sum</span> <span class='ocrx_word' id='word_1_180' title='bbox 153 2011 301 2094; x_wconf 87' lang='lat' dir='ltr'>flexisse;</span> <span class='ocrx_word' id='word_1_181' title='bbox 334 2034 405 2075; x_wconf 90' lang='lat' dir='ltr'>eam</span> <span class='ocrx_word' id='word_1_182' title='bbox 436 2012 613 2076; x_wconf 88' lang='lat' dir='ltr'>submissas</span> <span class='ocrx_word' id='word_1_183' title='bbox 646 1984 822 2076; x_wconf 78' lang='lat' dir='ltr'>iniantibus</span> <span class='ocrx_word' id='word_1_184' title='bbox 853 2013 937 2078; x_wconf 88' lang='lat' dir='ltr'>adeo</span> <span class='ocrx_word' id='word_1_185' title='bbox 960 2014 1072 2076; x_wconf 93' lang='lat' dir='ltr'>mitem</span> <span class='ocrx_word' id='word_1_186' title='bbox 1094 2035 1186 2098; x_wconf 87' lang='lat' dir='ltr'>prae·</span> 
     </span>
     <span class='ocr_line' id='line_1_23' title="bbox 56 2097 1186 2183; baseline -0.003 -20"><span class='ocrx_word' id='word_1_187' title='bbox 56 2099 168 2163; x_wconf 91' lang='lat' dir='ltr'>buisse</span> <span class='ocrx_word' id='word_1_188' title='bbox 192 2119 358 2180; x_wconf 87' lang='lat' dir='ltr'>mammas,</span> <span class='ocrx_word' id='word_1_189' title='bbox 382 2107 418 2163; x_wconf 89' lang='lat' dir='ltr'>ut</span> <span class='ocrx_word' id='word_1_190' title='bbox 439 2098 551 2181; x_wconf 90' lang='lat' dir='ltr'>lingua</span> <span class='ocrx_word' id='word_1_191' title='bbox 573 2097 768 2162; x_wconf 88' lang='lat' dir='ltr'>lambentem</span> <span class='ocrx_word' id='word_1_192' title='bbox 792 2121 912 2183; x_wconf 92' lang='lat' dir='ltr'>pueros</span> <span class='ocrx_word' id='word_1_193' title='bbox 935 2101 1090 2182; x_wconf 88' lang='lat' dir='ltr'>magister</span> <span class='ocrx_word' id='word_1_194' title='bbox 1105 2099 1186 2182; x_wconf 88' lang='lat' dir='ltr'>regii</span> 
     </span>
     <span class='ocr_line' id='line_1_24' title="bbox 57 2183 1220 2271; baseline 0.003 -23"><span class='ocrx_word' id='word_1_195' title='bbox 57 2186 188 2271; x_wconf 86' lang='lat' dir='ltr'>pecoris</span> <span class='ocrx_word' id='word_1_196' title='bbox 211 2186 371 2248; x_wconf 90' lang='lat' dir='ltr'>invenerit</span> <span class='ocrx_word' id='word_1_197' title='bbox 393 2221 432 2230; x_wconf 91' lang='lat'>-</span> <span class='ocrx_word' id='word_1_198' title='bbox 456 2184 614 2250; x_wconf 86' lang='lat' dir='ltr'>Faustulo</span> <span class='ocrx_word' id='word_1_199' title='bbox 645 2185 746 2249; x_wconf 84' lang='lat' dir='ltr'>fuisse</span> <span class='ocrx_word' id='word_1_200' title='bbox 774 2207 894 2248; x_wconf 91' lang='lat' dir='ltr'>nomen</span> <span class='ocrx_word' id='word_1_201' title='bbox 925 2183 1032 2248; x_wconf 80' lang='lat' dir='ltr'>ferunt</span> <span class='ocrx_word' id='word_1_202' title='bbox 1053 2206 1109 2267; x_wconf 80' lang='lat'>—3</span> <span class='ocrx_word' id='word_1_203' title='bbox 1142 2185 1220 2252; x_wconf 70' lang='lat' dir='ltr'>abt</span> 
     </span>
     <span class='ocr_line' id='line_1_25' title="bbox 56 2269 1185 2357; baseline -0.004 -21"><span class='ocrx_word' id='word_1_204' title='bbox 56 2293 97 2336; x_wconf 88' lang='lat' dir='ltr'>eo</span> <span class='ocrx_word' id='word_1_205' title='bbox 113 2271 163 2333; x_wconf 86' lang='lat' dir='ltr'>¹ad</span> <span class='ocrx_word' id='word_1_206' title='bbox 188 2269 316 2334; x_wconf 90' lang='lat' dir='ltr'>stabula</span> <span class='ocrx_word' id='word_1_207' title='bbox 338 2270 510 2334; x_wconf 90' lang='lat' dir='ltr'>Larentiae</span> <span class='ocrx_word' id='word_1_208' title='bbox 532 2273 628 2334; x_wconf 89' lang='lat' dir='ltr'>uxori</span> <span class='ocrx_word' id='word_1_209' title='bbox 657 2271 845 2335; x_wconf 89' lang='lat' dir='ltr'>educandos</span> <span class='ocrx_word' id='word_1_210' title='bbox 877 2271 979 2334; x_wconf 92' lang='lat' dir='ltr'>datos.</span> <span class='ocrx_word' id='word_1_211' title='bbox 1012 2279 1096 2353; x_wconf 93' lang='lat' dir='ltr'>sunt,</span> <span class='ocrx_word' id='word_1_212' title='bbox 1129 2272 1185 2357; x_wconf 92' lang='lat' dir='ltr'>qui</span> 
     </span>
     <span class='ocr_line' id='line_1_26' title="bbox 57 2355 1184 2442; baseline 0.001 -22"><span class='ocrx_word' id='word_1_213' title='bbox 57 2357 263 2420; x_wconf 84' lang='lat' dir='ltr'>Larentiam</span> <span class='ocrx_word' id='word_1_214' title='bbox 285 2355 396 2442; x_wconf 93' lang='lat' dir='ltr'>lupam</span> <span class='ocrx_word' id='word_1_215' title='bbox 437 2358 521 2420; x_wconf 93' lang='lat' dir='ltr'>inter</span> <span class='ocrx_word' id='word_1_216' title='bbox 560 2367 709 2440; x_wconf 88' lang='lat' dir='ltr'>pastores</span> <span class='ocrx_word' id='word_1_217' title='bbox 756 2367 905 2420; x_wconf 86' lang='lat' dir='ltr'>vocatam</span> <span class='ocrx_word' id='word_1_218' title='bbox 942 2366 1070 2441; x_wconf 75' lang='lat' dir='ltr'>putent,</span> <span class='ocrx_word' id='word_1_219' title='bbox 1108 2357 1184 2421; x_wconf 94' lang='lat' dir='ltr'>inde</span> 
     </span>
     <span class='ocr_line' id='line_1_27' title="bbox 57 2441 1220 2528; baseline 0.002 -22"><span class='ocrx_word' id='word_1_220' title='bbox 57 2442 164 2506; x_wconf 90' lang='lat' dir='ltr'>locum</span> <span class='ocrx_word' id='word_1_221' title='bbox 209 2441 340 2506; x_wconf 89' lang='lat' dir='ltr'>fabulae</span> <span class='ocrx_word' id='word_1_222' title='bbox 383 2463 422 2506; x_wconf 89' lang='lat' dir='ltr'>ac</span> <span class='ocrx_word' id='word_1_223' title='bbox 469 2441 624 2506; x_wconf 87' lang='lat' dir='ltr'>miraculo</span> <span class='ocrx_word' id='word_1_224' title='bbox 667 2442 789 2506; x_wconf 86' lang='lat' dir='ltr'>datum.</span> <span class='ocrx_word' id='word_1_225' title='bbox 837 2444 883 2504; x_wconf 93' lang='lat' dir='ltr'>ita</span> <span class='ocrx_word' id='word_1_226' title='bbox 927 2443 1028 2524; x_wconf 88' lang='lat' dir='ltr'>geniti</span> <span class='ocrx_word' id='word_1_227' title='bbox 1074 2444 1220 2528; x_wconf 85' lang='lat' dir='ltr'>itaque8</span> 
     </span>
     <span class='ocr_line' id='line_1_28' title="bbox 57 2527 1186 2612; baseline 0 -18"><span class='ocrx_word' id='word_1_228' title='bbox 57 2529 198 2610; x_wconf 86' lang='lat' dir='ltr'>educati,</span> <span class='ocrx_word' id='word_1_229' title='bbox 251 2550 326 2592; x_wconf 92' lang='lat' dir='ltr'>cum</span> <span class='ocrx_word' id='word_1_230' title='bbox 369 2530 511 2612; x_wconf 87' lang='lat' dir='ltr'>primum</span> <span class='ocrx_word' id='word_1_231' title='bbox 559 2527 701 2592; x_wconf 89' lang='lat' dir='ltr'>adolevit</span> <span class='ocrx_word' id='word_1_232' title='bbox 739 2537 838 2607; x_wconf 89' lang='lat' dir='ltr'>aetas,</span> <span class='ocrx_word' id='word_1_233' title='bbox 880 2549 942 2591; x_wconf 92' lang='lat' dir='ltr'>nec</span> <span class='ocrx_word' id='word_1_234' title='bbox 978 2530 1011 2591; x_wconf 93' lang='lat' dir='ltr'>in</span> <span class='ocrx_word' id='word_1_235' title='bbox 1048 2529 1186 2594; x_wconf 90' lang='lat' dir='ltr'>stabulis</span> 
     </span>
     <span class='ocr_line' id='line_1_29' title="bbox 59 2612 1222 2699; baseline 0.001 -21"><span class='ocrx_word' id='word_1_236' title='bbox 59 2637 122 2678; x_wconf 89' lang='lat' dir='ltr'>nec</span> <span class='ocrx_word' id='word_1_237' title='bbox 144 2615 185 2676; x_wconf 94' lang='lat' dir='ltr'>ad</span> <span class='ocrx_word' id='word_1_238' title='bbox 208 2634 332 2698; x_wconf 85' lang='lat' dir='ltr'>pecora</span> <span class='ocrx_word' id='word_1_239' title='bbox 347 2636 472 2696; x_wconf 83' lang='lat' dir='ltr'>segnes,</span> <span class='ocrx_word' id='word_1_240' title='bbox 493 2615 643 2678; x_wconf 92' lang='lat' dir='ltr'>venando</span> <span class='ocrx_word' id='word_1_241' title='bbox 661 2636 834 2699; x_wconf 89' lang='lat' dir='ltr'>peragrare</span> <span class='ocrx_word' id='word_1_242' title='bbox 850 2613 965 2678; x_wconf 86' lang='lat' dir='ltr'>saltus..</span> <span class='ocrx_word' id='word_1_243' title='bbox 977 2612 1053 2677; x_wconf 90' lang='lat' dir='ltr'>hinc</span> <span class='ocrx_word' id='word_1_244' title='bbox 1067 2614 1187 2679; x_wconf 92' lang='lat' dir='ltr'>robore</span> <span class='ocrx_word' id='word_1_245' title='bbox 1205 2623 1222 2671; x_wconf 79' lang='grc'>9</span> 
     </span>
     <span class='ocr_line' id='line_1_30' title="bbox 60 2700 1187 2786; baseline 0.002 -23"><span class='ocrx_word' id='word_1_246' title='bbox 60 2700 253 2785; x_wconf 89' lang='lat' dir='ltr'>corporibus</span> <span class='ocrx_word' id='word_1_247' title='bbox 284 2701 464 2786; x_wconf 89' lang='lat' dir='ltr'>animisque</span> <span class='ocrx_word' id='word_1_248' title='bbox 497 2712 626 2786; x_wconf 90' lang='lat' dir='ltr'>sumpto</span> <span class='ocrx_word' id='word_1_249' title='bbox 658 2703 721 2763; x_wconf 94' lang='lat' dir='ltr'>iam</span> <span class='ocrx_word' id='word_1_250' title='bbox 754 2722 819 2763; x_wconf 91' lang='lat' dir='ltr'>non</span> <span class='ocrx_word' id='word_1_251' title='bbox 849 2700 935 2764; x_wconf 86' lang='lat' dir='ltr'>feras</span> <span class='ocrx_word' id='word_1_252' title='bbox 963 2711 1086 2764; x_wconf 83' lang='lat' dir='ltr'>tantum</span> <span class='ocrx_word' id='word_1_253' title='bbox 1111 2701 1187 2765; x_wconf 90' lang='lat' dir='ltr'>sub·</span> 
     </span>
     <span class='ocr_line' id='line_1_31' title="bbox 58 2785 1187 2872; baseline 0 -22"><span class='ocrx_word' id='word_1_254' title='bbox 58 2789 184 2867; x_wconf 88' lang='lat' dir='ltr'>sistere,</span> <span class='ocrx_word' id='word_1_255' title='bbox 208 2787 266 2850; x_wconf 90' lang='lat' dir='ltr'>sed</span> <span class='ocrx_word' id='word_1_256' title='bbox 289 2788 322 2848; x_wconf 93' lang='lat' dir='ltr'>in</span> <span class='ocrx_word' id='word_1_257' title='bbox 344 2785 485 2849; x_wconf 90' lang='lat' dir='ltr'>latrones</span> <span class='ocrx_word' id='word_1_258' title='bbox 509 2787 632 2872; x_wconf 92' lang='lat' dir='ltr'>praeda</span> <span class='ocrx_word' id='word_1_259' title='bbox 654 2796 786 2850; x_wconf 87' lang='lat' dir='ltr'>onustos</span> <span class='ocrx_word' id='word_1_260' title='bbox 802 2787 943 2870; x_wconf 91' lang='lat' dir='ltr'>impetus</span> <span class='ocrx_word' id='word_1_261' title='bbox 958 2786 1065 2850; x_wconf 85' lang='lat' dir='ltr'>facere</span> <span class='ocrx_word' id='word_1_262' title='bbox 1080 2796 1187 2870; x_wconf 89' lang='lat' dir='ltr'>pasto-</span> 
     </span>
     <span class='ocr_line' id='line_1_32' title="bbox 58 2872 1188 2958; baseline 0.002 -22"><span class='ocrx_word' id='word_1_263' title='bbox 58 2872 216 2958; x_wconf 89' lang='lat' dir='ltr'>ribusque</span> <span class='ocrx_word' id='word_1_264' title='bbox 238 2881 334 2957; x_wconf 89' lang='lat' dir='ltr'>rapta</span> <span class='ocrx_word' id='word_1_265' title='bbox 358 2872 505 2936; x_wconf 88' lang='lat' dir='ltr'>dividere</span> <span class='ocrx_word' id='word_1_266' title='bbox 530 2882 562 2936; x_wconf 89' lang='lat' dir='ltr'>et</span> <span class='ocrx_word' id='word_1_267' title='bbox 586 2895 657 2935; x_wconf 90' lang='lat' dir='ltr'>cum</span> <span class='ocrx_word' id='word_1_268' title='bbox 680 2872 731 2936; x_wconf 89' lang='lat' dir='ltr'>bis</span> <span class='ocrx_word' id='word_1_269' title='bbox 755 2883 924 2937; x_wconf 86' lang='lat' dir='ltr'>crescente</span> <span class='ocrx_word' id='word_1_270' title='bbox 947 2874 980 2935; x_wconf 94' lang='lat' dir='ltr'>in</span> <span class='ocrx_word' id='word_1_271' title='bbox 1003 2872 1072 2936; x_wconf 92' lang='lat' dir='ltr'>dies</span> <span class='ocrx_word' id='word_1_272' title='bbox 1087 2896 1188 2957; x_wconf 84' lang='lat' dir='ltr'>grege</span> 
     </span>
     <span class='ocr_line' id='line_1_33' title="bbox 58 2956 694 3024; baseline 0.003 -2"><span class='ocrx_word' id='word_1_273' title='bbox 58 2963 211 3023; x_wconf 87' lang='lat' dir='ltr'>iuvenum</span> <span class='ocrx_word' id='word_1_274' title='bbox 236 2960 322 3022; x_wconf 89' lang='lat' dir='ltr'>seria</span> <span class='ocrx_word' id='word_1_275' title='bbox 344 2979 383 3022; x_wconf 86' lang='lat' dir='ltr'>ac</span> <span class='ocrx_word' id='word_1_276' title='bbox 404 2959 495 3023; x_wconf 88' lang='lat' dir='ltr'>iocos</span> <span class='ocrx_word' id='word_1_277' title='bbox 519 2956 694 3024; x_wconf 90' lang='lat' dir='ltr'>celebrare.</span> 
     </span>
    </p>

    <p class='ocr_par' dir='ltr' id='par_1_4' title="bbox 54 3042 1297 3911">
     <span class='ocr_line' id='line_1_34' title="bbox 165 3042 1220 3130; baseline 0 -26"><span class='ocrx_word' id='word_1_278' title='bbox 165 3042 203 3106; x_wconf 93' lang='lat' dir='ltr'>V.</span> <span class='ocrx_word' id='word_1_279' title='bbox 227 3042 295 3107; x_wconf 79' lang='lat' dir='ltr'>lain</span> <span class='ocrx_word' id='word_1_280' title='bbox 321 3054 389 3108; x_wconf 89' lang='lat' dir='ltr'>tum</span> <span class='ocrx_word' id='word_1_281' title='bbox 413 3046 445 3107; x_wconf 95' lang='lat' dir='ltr'>in</span> <span class='ocrx_word' id='word_1_282' title='bbox 465 3042 590 3108; x_wconf 89' lang='lat' dir='ltr'>Palatio</span> <span class='ocrx_word' id='word_1_283' title='bbox 606 3055 714 3109; x_wconf 92' lang='lat' dir='ltr'>monte</span> <span class='ocrx_word' id='word_1_284' title='bbox 731 3043 894 3130; x_wconf 90' lang='lat' dir='ltr'>Lupercal</span> <span class='ocrx_word' id='word_1_285' title='bbox 910 3043 973 3108; x_wconf 91' lang='lat' dir='ltr'>hoc</span> <span class='ocrx_word' id='word_1_286' title='bbox 987 3044 1088 3108; x_wconf 90' lang='lat' dir='ltr'>fuisse</span> <span class='ocrx_word' id='word_1_287' title='bbox 1104 3043 1187 3108; x_wconf 91' lang='lat' dir='ltr'>ludi·</span> <span class='ocrx_word' id='word_1_288' title='bbox 1206 3055 1220 3104; x_wconf 94' lang='lat'>1</span> 
     </span>
     <span class='ocr_line' id='line_1_35' title="bbox 58 3129 1186 3212; baseline 0 -20"><span class='ocrx_word' id='word_1_289' title='bbox 58 3152 149 3192; x_wconf 89' lang='lat' dir='ltr'>crum</span> <span class='ocrx_word' id='word_1_290' title='bbox 182 3130 298 3212; x_wconf 89' lang='lat' dir='ltr'>ferunt,</span> <span class='ocrx_word' id='word_1_291' title='bbox 332 3140 366 3195; x_wconf 92' lang='lat' dir='ltr'>et</span> <span class='ocrx_word' id='word_1_292' title='bbox 396 3152 415 3193; x_wconf 93' lang='lat' dir='ltr'>a</span> <span class='ocrx_word' id='word_1_293' title='bbox 446 3130 624 3210; x_wconf 90' lang='lat' dir='ltr'>Pallanteo,</span> <span class='ocrx_word' id='word_1_294' title='bbox 661 3129 743 3194; x_wconf 91' lang='lat' dir='ltr'>urbe</span> <span class='ocrx_word' id='word_1_295' title='bbox 775 3131 947 3212; x_wconf 88' lang='lat' dir='ltr'>Arcadica,</span> <span class='ocrx_word' id='word_1_296' title='bbox 980 3129 1186 3210; x_wconf 85' lang='lat' dir='ltr'>Pallantium‚</span> 
     </span>
     <span class='ocr_line' id='line_1_36' title="bbox 57 3215 1221 3302; baseline -0.003 -23"><span class='ocrx_word' id='word_1_297' title='bbox 57 3216 135 3279; x_wconf 89' lang='lat' dir='ltr'>dein</span> <span class='ocrx_word' id='word_1_298' title='bbox 157 3215 318 3281; x_wconf 87' lang='lat' dir='ltr'>Palatium</span> <span class='ocrx_word' id='word_1_299' title='bbox 342 3227 484 3280; x_wconf 87' lang='lat' dir='ltr'>montem</span> <span class='ocrx_word' id='word_1_300' title='bbox 509 3216 720 3302; x_wconf 88' lang='lat' dir='ltr'>appellatum.</span> <span class='ocrx_word' id='word_1_301' title='bbox 758 3217 803 3279; x_wconf 90' lang='lat' dir='ltr'>ibi</span> <span class='ocrx_word' id='word_1_302' title='bbox 831 3216 1032 3296; x_wconf 85' lang='lat' dir='ltr'>Euandrum,</span> <span class='ocrx_word' id='word_1_303' title='bbox 1066 3217 1121 3302; x_wconf 93' lang='lat' dir='ltr'>qui</span> <span class='ocrx_word' id='word_1_304' title='bbox 1145 3228 1221 3280; x_wconf 74' lang='lat' dir='ltr'>exa</span> 
     </span>
     <span class='ocr_line' id='line_1_37' title="bbox 55 3300 1186 3387; baseline -0.001 -20"><span class='ocrx_word' id='word_1_305' title='bbox 55 3324 97 3367; x_wconf 88' lang='lat' dir='ltr'>eo</span> <span class='ocrx_word' id='word_1_306' title='bbox 122 3324 240 3384; x_wconf 83' lang='lat' dir='ltr'>genere</span> <span class='ocrx_word' id='word_1_307' title='bbox 264 3302 432 3366; x_wconf 87' lang='lat' dir='ltr'>Arcadum</span> <span class='ocrx_word' id='word_1_308' title='bbox 455 3301 565 3365; x_wconf 89' lang='lat' dir='ltr'>multis</span> <span class='ocrx_word' id='word_1_309' title='bbox 588 3313 662 3365; x_wconf 92' lang='lat' dir='ltr'>ante</span> <span class='ocrx_word' id='word_1_310' title='bbox 677 3302 925 3387; x_wconf 90' lang='lat' dir='ltr'>tempestatibus</span> <span class='ocrx_word' id='word_1_311' title='bbox 948 3304 1089 3365; x_wconf 91' lang='lat' dir='ltr'>tenuerit</span> <span class='ocrx_word' id='word_1_312' title='bbox 1103 3300 1186 3385; x_wconf 93' lang='lat' dir='ltr'>loca,</span> 
     </span>
     <span class='ocr_line' id='line_1_38' title="bbox 56 3386 1185 3465; baseline 0 -13"><span class='ocrx_word' id='word_1_313' title='bbox 56 3386 215 3452; x_wconf 86' lang='lat' dir='ltr'>sollemne</span> <span class='ocrx_word' id='word_1_314' title='bbox 238 3387 372 3452; x_wconf 87' lang='lat' dir='ltr'>allatum</span> <span class='ocrx_word' id='word_1_315' title='bbox 404 3410 445 3451; x_wconf 88' lang='lat' dir='ltr'>cx</span> <span class='ocrx_word' id='word_1_316' title='bbox 479 3388 623 3451; x_wconf 85' lang='lat' dir='ltr'>Arcadia</span> <span class='ocrx_word' id='word_1_317' title='bbox 648 3389 836 3465; x_wconf 88' lang='lat' dir='ltr'>instituisse,</span> <span class='ocrx_word' id='word_1_318' title='bbox 868 3399 905 3452; x_wconf 94' lang='lat' dir='ltr'>ut</span> <span class='ocrx_word' id='word_1_319' title='bbox 936 3387 1014 3449; x_wconf 92' lang='lat' dir='ltr'>nudi</span> <span class='ocrx_word' id='word_1_320' title='bbox 1049 3389 1185 3452; x_wconf 89' lang='lat' dir='ltr'>iuvenes</span> 
     </span>
     <span class='ocr_line' id='line_1_39' title="bbox 55 3473 1186 3560; baseline 0 -24"><span class='ocrx_word' id='word_1_321' title='bbox 55 3474 224 3558; x_wconf 88' lang='lat' dir='ltr'>Lycaeum</span> <span class='ocrx_word' id='word_1_322' title='bbox 249 3475 339 3537; x_wconf 92' lang='lat' dir='ltr'>Pana</span> <span class='ocrx_word' id='word_1_323' title='bbox 360 3485 553 3539; x_wconf 90' lang='lat' dir='ltr'>venerantes</span> <span class='ocrx_word' id='word_1_324' title='bbox 585 3497 645 3560; x_wconf 93' lang='lat' dir='ltr'>per</span> <span class='ocrx_word' id='word_1_325' title='bbox 676 3473 782 3538; x_wconf 90' lang='lat' dir='ltr'>lusum</span> <span class='ocrx_word' id='word_1_326' title='bbox 807 3483 839 3538; x_wconf 92' lang='lat' dir='ltr'>at</span> <span class='ocrx_word' id='word_1_327' title='bbox 863 3497 904 3538; x_wconf 94' lang='lat' dir='ltr'>ue</span> <span class='ocrx_word' id='word_1_328' title='bbox 926 3473 1091 3539; x_wconf 75' lang='lat' dir='ltr'>lasciviam</span> <span class='ocrx_word' id='word_1_329' title='bbox 1116 3497 1186 3539; x_wconf 91' lang='lat' dir='ltr'>cur·</span> 
     </span>
     <span class='ocr_line' id='line_1_40' title="bbox 55 3497 1221 3646; baseline -0.002 -23"><span class='ocrx_word' id='word_1_330' title='bbox 55 3571 175 3641; x_wconf 90' lang='lat' dir='ltr'>rerent,</span> <span class='ocrx_word' id='word_1_331' title='bbox 200 3582 296 3646; x_wconf 90' lang='lat' dir='ltr'>quem</span> <span class='ocrx_word' id='word_1_332' title='bbox 318 3561 455 3624; x_wconf 88' lang='lat' dir='ltr'>Romani</span> <span class='ocrx_word' id='word_1_333' title='bbox 478 3561 596 3624; x_wconf 90' lang='lat' dir='ltr'>deinde</span> <span class='ocrx_word' id='word_1_334' title='bbox 618 3572 818 3624; x_wconf 86' lang='lat' dir='ltr'>vocaverunt</span> <span class='ocrx_word' id='word_1_335' title='bbox 840 3497 967 3625; x_wconf 71' lang='lat' dir='ltr'>inuum.</span> <span class='ocrx_word' id='word_1_336' title='bbox 994 3560 1069 3624; x_wconf 89' lang='lat' dir='ltr'>huic</span> <span class='ocrx_word' id='word_1_337' title='bbox 1093 3560 1221 3624; x_wconf 78' lang='lat' dir='ltr'>dedi-a</span> 
     </span>
     <span class='ocr_line' id='line_1_41' title="bbox 54 3645 1194 3726; baseline -0.004 -17"><span class='ocrx_word' id='word_1_338' title='bbox 54 3647 95 3710; x_wconf 92' lang='lat' dir='ltr'>tis</span> <span class='ocrx_word' id='word_1_339' title='bbox 119 3646 259 3726; x_wconf 92' lang='lat' dir='ltr'>ludicro,</span> <span class='ocrx_word' id='word_1_340' title='bbox 290 3670 362 3711; x_wconf 83' lang='lat' dir='ltr'>curn</span> <span class='ocrx_word' id='word_1_341' title='bbox 386 3645 543 3712; x_wconf 90' lang='lat' dir='ltr'>sollemne</span> <span class='ocrx_word' id='word_1_342' title='bbox 565 3656 677 3711; x_wconf 87' lang='lat' dir='ltr'>notum</span> <span class='ocrx_word' id='word_1_343' title='bbox 703 3655 797 3726; x_wconf 90' lang='lat' dir='ltr'>esset,</span> <span class='ocrx_word' id='word_1_344' title='bbox 831 3647 1000 3710; x_wconf 87' lang='lat' dir='ltr'>insidiatos</span> <span class='ocrx_word' id='word_1_345' title='bbox 1032 3646 1074 3709; x_wconf 90' lang='lat' dir='ltr'>ob</span> <span class='ocrx_word' id='word_1_346' title='bbox 1102 3647 1194 3707; x_wconf 75' lang='lat' dir='ltr'>iram</span> 
     </span>
     <span class='ocr_line' id='line_1_42' title="bbox 54 3728 1225 3816; baseline -0.015 -22"><span class='ocrx_word' id='word_1_347' title='bbox 54 3733 199 3816; x_wconf 87' lang='lat' dir='ltr'>praedae</span> <span class='ocrx_word' id='word_1_348' title='bbox 223 3733 360 3797; x_wconf 89' lang='lat' dir='ltr'>amissae</span> <span class='ocrx_word' id='word_1_349' title='bbox 382 3732 535 3814; x_wconf 89' lang='lat' dir='ltr'>latrones,</span> <span class='ocrx_word' id='word_1_350' title='bbox 569 3755 645 3797; x_wconf 89' lang='lat' dir='ltr'>cum</span> <span class='ocrx_word' id='word_1_351' title='bbox 666 3732 831 3799; x_wconf 85' lang='lat' dir='ltr'>Romulus</span> <span class='ocrx_word' id='word_1_352' title='bbox 858 3734 900 3797; x_wconf 72' lang='lat' dir='ltr'>ui</span> <span class='ocrx_word' id='word_1_353' title='bbox 925 3754 966 3794; x_wconf 82' lang='lat' dir='ltr'>se</span> <span class='ocrx_word' id='word_1_354' title='bbox 990 3728 1225 3792; x_wconf 52' lang='lat' dir='ltr'>ocimum,</span> 
     </span>
     <span class='ocr_line' id='line_1_43' title="bbox 54 3801 1297 3911; baseline -0.011 -30"><span class='ocrx_word' id='word_1_355' title='bbox 54 3817 192 3883; x_wconf 90' lang='lat' dir='ltr'>Remum</span> <span class='ocrx_word' id='word_1_356' title='bbox 238 3820 369 3906; x_wconf 87' lang='lat' dir='ltr'>cepisse,</span> <span class='ocrx_word' id='word_1_357' title='bbox 417 3831 552 3910; x_wconf 89' lang='lat' dir='ltr'>captum</span> <span class='ocrx_word' id='word_1_358' title='bbox 596 3824 674 3911; x_wconf 86' lang='lat' dir='ltr'>regi</span> <span class='ocrx_word' id='word_1_359' title='bbox 720 3821 862 3888; x_wconf 68' lang='lat' dir='ltr'>Amulio</span> <span class='ocrx_word' id='word_1_360' title='bbox 907 3813 1103 3880; x_wconf 69' lang='lat' dir='ltr'>trab&#39;xdxssc</span> <span class='ocrx_word' id='word_1_361' title='bbox 1146 3801 1248 3857; x_wconf 54' lang='lat' dir='ltr'>nm</span> <span class='ocrx_word' id='word_1_362' title='bbox 1294 3837 1297 3842; x_wconf 92' lang='lat'>·</span> 
     </span>
    </p>
   </div>
   <div class='ocr_carea' id='block_1_3' title="bbox 0 0 1378 4146">
    <p class='ocr_par' dir='ltr' id='par_1_5' title="bbox 0 0 1378 4146">
     <span class='ocr_line' id='line_1_44' title="bbox 0 0 1378 4146; baseline 0 0"><span class='ocrx_word' id='word_1_363' title='bbox 0 0 1378 4146; x_wconf 95' lang='lat' dir='ltr'> </span> 
     </span>
    </p>
   </div>
  </div>
 </body>
</html>
