2738 4146
332 123 440 173 arasa
457 125 491 174 11.
506 89 585 175 'aaa
602 127 644 176 ro.
663 124 704 179 41.
725 123 759 194 [a.
777 125 811 177 u,
828 143 852 176 ο.
870 124 1026 193 aot-aret.
1235 112 1274 172 87

98 314 231 378 quoque
254 294 340 378 quod
366 307 460 380 esset,
484 297 642 382 templum
658 298 823 362 Fortunae
845 297 996 362 muliebri
1020 296 1221 362 aedificatum

99 379 352 466 dedicatumque
376 391 433 445 est.

204 466 342 531 Rediere
365 467 482 532 deinde
504 467 617 535 Volsci
642 470 799 534 adiunctis
823 471 947 555 Aequis
969 469 1000 531 in
1025 491 1138 552 agrum
1160 469 1221 533 Ro·
1244 491 1275 538 13

98 573 240 631 manum,
264 553 321 617 sed
338 554 444 638 Aequi
459 553 585 620 Attium
608 555 751 620 Tullium
772 555 861 619 haud
876 554 960 617 ultra
975 554 1081 619 tulere
1098 555 1223 619 ducem.

97 637 175 701 hinc
199 660 241 701 ex
269 645 454 724 certamine,
482 640 593 706 Volsci
620 642 769 728 Aequine
798 645 1027 727 imperatorem
1054 643 1223 705 coniuncto

99 725 257 788 exercitui
277 725 401 803 darent,
425 728 551 812 seditio,
582 728 699 793 deinde
724 738 818 792 atrox
844 726 1003 813 proelium
1027 741 1143 791 ortum.
1179 728 1224 790 ibi

96 809 227 873 fortuna
249 811 363 896 populi
385 812 522 876 Romani
545 814 626 878 duos
649 814 790 880 hostium
813 815 974 889 exercitus
1002 812 1090 878 haud
1118 814 1223 876 minus

97 897 281 981 pernicioso
307 920 405 982 quam
427 901 586 984 pertinaci
608 901 784 964 certamine
806 900 953 964 confecit.
1244 924 1276 971 14

199 981 356 1047 Consules
388 984 425 1048 Τ.
457 983 593 1050 Sicinius
632 999 663 1050 et
694 985 731 1052 C.
761 985 921 1072 Aquilius.
953 985 1069 1049 Sicinio
1102 983 1222 1065 Volsci,

97 1067 228 1152 Aquilio
245 1068 512 1135 Hernici—nam
536 1073 559 1135 ii
583 1094 712 1157 quoque
734 1073 767 1135 in
790 1073 887 1135 armis
904 1071 1224 1155 erant—provincia
1263 1127 1264 1131 ,

97 1156 215 1218 evenit.
240 1177 278 1218 eo
307 1178 390 1221 anno
413 1157 547 1221 Hernici
571 1159 707 1241 devicti3
739 1180 812 1222 cum
835 1156 962 1221 Volscis
990 1179 1094 1242 aequo
1117 1156 1224 1220 Marte

95 1240 275 1304 discessum
299 1253 357 1305 est.
615 1284 617 1288 ν
754 1241 756 1246 ’
1248 1271 1261 1316 1

150 1407 151 1410 Ἴ
198 1325 288 1390 XLI.
317 1328 372 1414 Sp.
398 1326 529 1392 Cassius
558 1330 677 1393 deinde
704 1340 737 1392 et
763 1327 923 1394 Proculus
945 1327 1119 1412 Verginius
1148 1350 1223 1391 con·

95 1409 184 1476 sules
216 1412 301 1476 facti.
335 1437 408 1478 cum
437 1414 587 1478 Hernicis
610 1415 725 1478 foedus
751 1416 866 1494 ictum3
899 1415 968 1498 agri
996 1424 1106 1498 partes
1138 1413 1222 1477 duae

48 1559 49 1562 ,
93 1497 276 1580 ademptae.
299 1500 375 1563 inde
404 1500 571 1564 dimidium
596 1501 730 1582 Latinis,
759 1501 926 1564 dimidium
953 1499 1041 1583 plebi
1063 1500 1261 1574 divisurum

95 1584 209 1649 consul
234 1584 365 1649 Cassius
386 1598 465 1651 erat.
492 1586 655 1650 adiciebat
676 1587 751 1650 huic
772 1587 900 1650 muneri
923 1587 992 1669 agri
1014 1584 1223 1671 aliquantum,

94 1692 193 1754 quem
207 1671 373 1754 publicum
396 1672 558 1772 possideri
582 1695 601 1736 a
624 1673 759 1759 privatis
785 1671 1024 1735 criminabatur.
1051 1672 1085 1734 id
1106 1671 1224 1736 multos

93 1756 226 1840 quidem
241 1767 381 1842 patrum,
395 1780 485 1839 rpsos
500 1781 714 1842 possessores,
731 1756 876 1840 periculo
891 1780 1000 1821 rerum
1015 1779 1145 1821 suarum
1161 1768 1224 1821 ter·

92 1841 204 1923 rebat3
223 1843 279 1906 sed
298 1856 330 1907 et
341 1843 473 1929 publica
486 1844 632 1928 patribus
648 1843 829 1910 sollicitudo
844 1845 957 1926 inerat,
972 1842 1141 1926 largitione
1152 1865 1224 1906 con·
1246 1873 1262 1920 3

94 1927 200 1992 sulem
212 1929 409 2012 periculosas
419 1930 561 1995 libertati
570 1951 648 2016 opes
659 1940 793 1994 struere.
803 1940 873 1993 tum
881 1929 1021 2013 primum
1030 1929 1087 1993 lex
1096 1931 1224 2012 agraria

92 2013 303 2100 promulgata
326 2025 384 2098 est,
407 2038 585 2102 numquam
609 2016 726 2080 deinde
742 2037 846 2102 usque
869 2015 911 2078 ad
928 2016 1010 2078 hanc
1032 2016 1222 2080 memoriam
1245 2047 1262 2094 4

94 2103 164 2163 sine
187 2102 336 2165 maximis
359 2101 502 2166 motibus
524 2124 634 2166 rerum
658 2104 786 2186 agitata.
811 2099 924 2165 consul
952 2100 1034 2165 alter
1061 2100 1221 2185 largitioni

93 2186 269 2250 resistebat
296 2187 484 2251 auctoribus
515 2187 663 2273 patribus
689 2210 751 2252 nec
781 2189 867 2252 omni
894 2187 991 2271 plebe
1018 2187 1221 2269 adversante,

94 2295 180 2358 quae
203 2275 308 2357 primo
334 2284 487 2356 coeperat
518 2275 662 2339 fastidire
690 2296 805 2338 munus
829 2270 1017 2356 ¹vulgatum:
1050 2294 1070 2336 a
1097 2271 1221 2336 civibus
1245 2292 1260 2338 a

91 2361 157 2422 isse
184 2359 217 2421 in
240 2360 361 2439 socios3
385 2381 483 2443 saepe
503 2360 621 2424 deinde
643 2367 676 2424 et
694 2360 882 2443 Verginium
906 2357 1070 2423 consulem
1091 2361 1125 2422 in
1148 2380 1221 2423 con·

92 2444 236 2509 tionibus
274 2443 365 2509 velut
393 2447 622 2510 vaticinantem
659 2444 825 2526 audiebat,
871 2442 1026 2528 pestilens
1067 2443 1221 2525 conlegae

94 2553 214 2594 munus
230 2553 312 2614 esse,
328 2553 423 2614 agros
439 2530 511 2597 illos
525 2533 711 2595 servitutem
728 2532 777 2613 iis,
801 2531 855 2613 qui
872 2531 1065 2612 acceperint,
1088 2528 1221 2612 laturos,
1243 2551 1259 2598 6

89 2638 193 2700 regno
220 2619 307 2680 viam
334 2617 416 2681 fieri.
451 2618 529 2703 quid
555 2619 600 2681 ita
627 2618 712 2681 enim
743 2617 870 2679 adsumi
901 2615 1005 2678 socios
1036 2624 1069 2678 et
1103 2636 1223 2679 nornen
1278 2662 1280 2666 -

91 2703 270 2766 Latinum?
287 2704 365 2789 quid
380 2705 548 2767 attinuisse
564 2703 725 2786 Hernicis,
748 2701 845 2787 paulo
861 2712 935 2765 ante
950 2700 1109 2784 hostibus,
1137 2703 1223 2786 capti

91 2788 165 2872 agri
188 2799 315 2874 partem
337 2791 467 2852 tertiam
488 2788 593 2872 reddi,
616 2790 677 2853 nisi
700 2798 737 2851 ut
759 2810 816 2852 eae
832 2796 946 2871 gentes
969 2809 1029 2871 pro
1049 2785 1222 2851 Coriolano
1241 2786 1256 2857 a

91 2876 177 2938 duce
193 2872 342 2938 Cassium
357 2874 523 2940 habeant?
537 2873 705 2961 popularis
720 2875 785 2938 iam
801 2895 873 2938 esse
890 2874 1053 2937 dissuasor
1076 2885 1108 2936 et
1126 2875 1222 2937 inter-

88 2981 204 3024 cessor
226 2960 307 3045 legis
331 2963 479 3036 agrariae
507 2971 672 3045 coeperat.
700 2970 837 3046 uterque
866 2959 984 3023 deinde
1012 2959 1123 3023 consul
1155 2982 1222 3023 oer-

88 3049 183 3110 tatim
200 3046 291 3131 plebi
307 3045 486 3130 indulgere.
496 3047 671 3131 Verginius
689 3046 798 3110 dicere
813 3067 985 3131 passurum
1002 3067 1037 3108 se
1059 3045 1224 3127 adsignari
1243 3068 1258 3117 3

89 3155 198 3216 agros,
236 3133 312 3195 dum
339 3155 380 3196 ne
408 3135 460 3197 oui
485 3134 547 3196 nisi
575 3133 637 3197 civi
659 3132 803 3195 Romano
826 3131 1051 3214 adsignentur3
1080 3129 1220 3214 Cassius,

91 3220 170 3304 quia
202 3218 234 3281 in
267 3221 396 3302 agraria
416 3218 586 3298 largitione
614 3218 805 3281 ambitiosus
831 3218 863 3278 in
887 3217 992 3281 socios
1017 3238 1121 3300 eoque
1144 3217 1220 3279 civi-

88 3305 153 3368 bus
176 3303 271 3367 vilior
295 3314 373 3387 erat,
396 3317 432 3368 ut
448 3305 511 3369 alio
533 3326 668 3368 munere
684 3302 746 3366 sibi
768 3301 994 3367 reconciliaret
1009 3303 1131 3366 civium
1154 3302 1221 3364 ani-

91 3413 172 3473 mos,
196 3390 309 3454 iubere
322 3413 383 3473 pro
400 3390 508 3455 Siculo
531 3391 692 3454 frumento
708 3390 879 3474 pecuniam
896 3397 1062 3472 acceptam
1085 3387 1221 3451 retribui
1241 3412 1256 3461 9

91 3476 224 3561 populo.
256 3477 290 3538 id
318 3498 396 3540 vero
430 3476 517 3539 haud
545 3498 639 3540 secus
672 3497 770 3561 quam
797 3484 1004 3558 praesentem
1035 3474 1221 3538 mercedem

87 3564 181 3646 regni
210 3572 383 3646 aspernata
410 3562 538 3646 plebes3
571 3563 653 3626 adeo
682 3570 816 3646 propter
847 3561 1063 3644 suspicionem
1092 3561 1220 3623 insitam

89 3650 193 3733 regni,
216 3648 306 3712 velut
329 3648 533 3712 abundarent
554 3649 671 3728 omnia,
694 3667 828 3710 munera
844 3647 912 3709 eius
935 3647 966 3707 in
990 3645 1102 3708 animis
1117 3644 1220 3709 homi·
1239 3666 1272 3720 10

94 3757 172 3799 num
187 3733 437 3817 respuebantur.
455 3757 561 3820 quem,
583 3733 639 3797 ubi
654 3734 796 3818 primum
812 3734 1002 3814 magistratu
1019 3730 1108 3811 abiit,
1133 3732 1220 3794 dam·

94 3831 208 3885 natum
230 3830 449 3905 necatumque
472 3829 606 3885 constat.
631 3828 715 3904 sunt,
738 3819 796 3906 qui
816 3829 950 3905 patrem
970 3827 1152 3879 auctorem
1171 3815 1249 3872 eim
