2738 4146
317 170 427 221 niens
443 170 494 223 111.
511 168 589 222 cnr.
606 171 650 224 se.
666 171 710 221 so.
727 171 769 220 eo.
790 168 824 236 [a.
841 168 876 221 n.
894 185 916 219 e.
934 168 1005 238 ³051.
1208 157 1271 216 tre

97 346 209 411 excitus
232 342 362 430 Appius
394 340 577 426 oonprendi
598 339 790 426 Verginium
814 340 915 406 iubet.
953 340 1007 406 ille
1029 341 1116 406 ferro
1140 363 1218 427 qua·

95 451 223 518 umque
246 430 318 495 ibat
341 429 430 494 viam
450 427 570 510 facere,
600 426 704 491 donee
738 427 944 491 multitudine
977 429 1074 491 etiam
1108 450 1218 513 prose·

93 518 253 605 quentium
275 524 387 579 tuente
409 513 452 578 ad
475 522 605 600 portam
628 514 784 599 perrexit.
817 512 928 577 Icilius
950 512 1219 600 Numitoriusque
1239 516 1255 566 '1

93 624 253 687 exsangue
277 620 397 686 corpus
429 598 593 665 sublatum
617 608 779 663 ostentant
804 598 945 684 populo;
977 599 1085 664 scelus
1109 601 1218 686 Appii,

91 687 214 777 puellae
251 684 417 752 infelicem
447 684 596 766 formam,
633 686 863 750 necessitatem
900 687 1002 770 patris
1035 685 1218 771 deplorant.

90 783 261 863 sequentes
285 771 452 836 clamitant
474 780 652 847 matronae,
689 792 803 835 eamne
835 769 1012 835 liberorum
1044 776 1254 856 procrean·8

91 863 203 927 dorum
228 858 468 938 condicionem,
500 878 540 921 ea
570 857 746 942 pudicitiae
778 857 924 942 praemia
955 857 1061 940 essel,
1097 869 1217 934 cetera,

90 969 168 1034 quae
191 946 226 1009 in
249 943 308 1009 tali
330 965 367 1009 re
388 941 557 1006 muliebris
581 941 685 1024 dolor,
717 964 782 1029 quo
815 953 865 1006 est
886 944 1040 1007 maestior
1067 943 1218 1008 inbecillo

90 1035 204 1113 animo,
228 1052 268 1095 eo
292 1027 491 1094 miserabilia
513 1029 616 1113 magis
638 1026 850 1114 querentibus
867 1027 995 1092 subicit.
1019 1030 1162 1094 virorum
1187 1037 1253 1095 et8

90 1120 229 1183 maxime
261 1114 346 1180 Icilii
375 1136 443 1180 vox
472 1124 543 1178 tota
573 1112 767 1179 tribuniciae
798 1113 969 1199 potestatis
991 1137 1030 1178 ac
1061 1137 1218 1199 provoca-

89 1205 181 1269 tionis
199 1202 242 1265 ad
259 1200 416 1288 populum
433 1209 566 1286 ereptae
575 1199 846 1287 publicarumque
862 1200 1121 1287 indignationum
1138 1211 1218 1268 erat.

187 1286 314 1353 XLIX.
332 1284 521 1353 Concitatur
543 1286 717 1350 multitudo
740 1287 858 1373 partim
881 1289 1051 1352 atrocitate
1074 1287 1218 1368 sceleris,
1240 1295 1253 1343 1

90 1375 207 1461 partim
241 1395 300 1459 spe
331 1396 392 1458 per
423 1372 626 1437 occasionem
659 1372 859 1457 repetendae
882 1371 1052 1438 libertatis.
1090 1374 1254 1460 Appius2

89 1483 172 1525 nune
203 1460 319 1525 vocari
345 1458 483 1534 Icilium,
514 1480 601 1522 nunc
631 1468 865 1523 retractantem
900 1461 1010 1546 arripi,
1040 1470 1218 1545 postremo,

90 1569 159 1611 oum
192 1544 285 1610 loeus
316 1545 459 1608 adeundi
490 1544 733 1629 apparitoribus
763 1566 828 1608 non
860 1542 1003 1626 daretur,
1040 1548 1111 1632 ipse
1144 1568 1218 1610 curn

91 1633 217 1716 agmine
240 1632 453 1717 patriciorum
474 1630 626 1695 iuvenum
650 1652 709 1715 per
735 1630 865 1694 turbam
887 1633 1013 1695 vadens
1034 1632 1068 1695 in
1089 1631 1220 1697 vincula

90 1717 161 1782 duci
184 1715 287 1781 iubet.
309 1718 374 1780 iam
390 1716 476 1781 circa
489 1714 619 1781 Icilium
633 1737 699 1780 non
722 1716 827 1780 solum
842 1715 1025 1790 multitudo,
1042 1718 1100 1780 sed
1118 1719 1219 1783 duces
1239 1730 1254 1777 e

90 1826 151 1889 quo
178 1826 222 1869 ue
245 1800 459 1867 multitudinis
483 1810 584 1883 erant,
608 1801 646 1865 L.
669 1801 821 1867 Valerius
849 1812 882 1867 et
904 1803 949 1866 M.
972 1803 1139 1879 Horatius,
1164 1805 1219 1890 qui

90 1826 221 1975 repdlso
245 1887 369 1968 lictore,
394 1889 421 1952 si
435 1888 507 1952 iure
530 1897 652 1972 ageret,
674 1889 841 1953 vindicare
856 1911 891 1952 se
908 1911 927 1952 a
948 1891 1076 1974 privato
1092 1889 1219 1955 Icilium

89 1974 235 2055 aiebant3
259 1974 287 2039 si
307 1975 374 2039 vim
391 1972 521 2038 adferre
545 1985 725 2053 conaretur,
749 1974 795 2038 ibi
818 1995 949 2059 quoque
966 1975 1054 2039 haud
1077 1976 1121 2040 im
1147 1998 1220 2040 ares

90 2060 169 2126 fore.
193 2059 271 2124 hinc
292 2069 389 2124 atrox
414 2060 487 2123 rixa
519 2060 630 2125 oritur.
667 2059 836 2124 Valerium
859 2061 1096 2147 Horatiumque
1123 1999 1257 2126 liotore

90 2145 267 2211 decemviri
289 2145 427 2226 invadit;
451 2145 685 2230 franguntura
706 2147 912 2210 multitudine
935 2146 1051 2211 fasces.
1088 2148 1121 2210 in
1145 2170 1220 2212 con·

89 2233 210 2297 tionem
244 2231 374 2317 Appius
404 2232 564 2313 escendit3
597 2245 776 2318 sequuntur
805 2232 962 2296 Horatius
993 2232 1219 2319 Valeriusque.

91 2338 145 2381 eos
167 2319 275 2382 contio
299 2317 404 2399 audit3
437 2316 622 2382 decemviro
655 2318 864 2402 obstrepitur.
903 2319 968 2383 iam
998 2341 1057 2402 pro
1080 2320 1256 2403 imperior

90 2400 241 2468 Valerius
269 2402 439 2467 discedere
462 2425 482 2467 a
503 2404 632 2487 privato
666 2403 797 2467 lictores
828 2403 971 2485 iubebat,
1004 2426 1077 2468 cum
1109 2404 1219 2468 fractis

90 2490 204 2554 animis
219 2487 349 2575 Appius
370 2489 458 2554 vitae
481 2500 629 2554 metuens
650 2491 683 2553 in
700 2490 832 2554 domum
855 2513 890 2552 se
912 2491 1127 2575 propinquam
1149 2489 1219 2554 foro

89 2575 197 2639 insciis
231 2574 427 2640 adversariis
448 2577 554 2661 capite
587 2575 742 2640 obvoluto
775 2577 900 2660 recipit.
934 2575 990 2661 sp.
1015 2575 1153 2662 Oppius,
1184 2587 1254 2640 ute

90 2659 210 2725 auxilio
234 2659 390 2744 conlegae
413 2672 510 2734 esset,
541 2662 574 2724 in
595 2661 703 2726 forum
737 2684 779 2725 ex
801 2662 903 2725 altera
934 2672 1028 2748 parte
1054 2664 1219 2747 inrumpit.

88 2747 180 2812 videt
209 2746 382 2832 imperium
413 2747 447 2810 vi
467 2748 601 2812 victum.
634 2750 773 2830 agitatus
798 2748 915 2811 deinde
951 2748 1090 2813 consiliis
1122 2759 1221 2834 atque

90 2855 131 2897 ex
154 2834 243 2897 omni
265 2843 358 2918 parte
390 2832 603 2897 adsentiendo
625 2833 734 2898 multis
762 2834 948 2897 auctoribus
982 2836 1219 2921 trepidaverat3

78 2928 241 3005 ,senatum
264 2927 430 3018 postremo
451 2920 564 2983 vocari
586 2920 690 2983 iussit.
716 2941 755 2983 ea
777 2942 840 3001 res,
866 2921 953 3005 quod
977 2944 1114 3006 magnae
1137 2925 1219 3007 parti
1242 2932 1257 2979 r

89 3015 220 3089 patrum
244 3003 417 3090 displicere
448 3014 520 3069 acta
553 3006 810 3069 decemvirorum
842 3006 1047 3087 videbantur,
1080 3030 1138 3091 spe
1160 3030 1221 3092 per

89 3100 237 3155 senatum
258 3089 420 3154 finiendae
442 3093 613 3176 potestatis
637 3093 706 3154 eius
730 3092 968 3156 multitudinem
1002 3093 1137 3156 sedavit.
1171 3104 1255 3156 se-8

88 3185 183 3240 natus
214 3198 277 3240 nec
299 3175 431 3264 plebem
464 3177 658 3241 inritandam
683 3180 808 3241 censuit
839 3188 871 3243 et
897 3178 998 3241 multo
1022 3180 1124 3260 magis
1147 3199 1219 3263 pro-

88 3261 278 3410 pidendum,
315 3283 357 3327 ne
392 3262 470 3349 quid
501 3263 648 3348 Verginii
680 3265 840 3328 adventus
872 3265 904 3327 in
936 3266 1084 3328 exercitu
1114 3275 1221 3328 motus

100 3356 219 3413 aceret.

189 3432 229 3496 L.
252 3432 369 3519 Itaque
399 3435 489 3497 missi
512 3434 653 3498 iuniores
685 3444 813 3519 patrum
836 3436 869 3498 in
892 3446 1008 3516 castra,
1042 3458 1125 3520 quae
1153 3444 1251 3499 tumt

88 3516 119 3581 in
149 3528 260 3584 monte
284 3518 408 3584 Vecilio
441 3532 542 3601 erant,
574 3522 723 3583 nuntiant
746 3521 949 3602 decemviris,
982 3531 1018 3586 ut
1050 3523 1136 3585 omni
1158 3542 1221 3606 ope

89 3602 128 3668 ab
151 3604 310 3670 seditione
325 3604 445 3671 milites
460 3607 656 3671 contineant.
681 3606 726 3670 ibi
741 3607 916 3690 Verginius
934 3609 1098 3688 maiorem,
1123 3629 1221 3692 quam
1241 3625 1257 3672 2

88 3689 264 3777 reliquerat
293 3691 327 3754 in
348 3691 441 3772 urbe,
475 3702 598 3757 motum
622 3695 751 3757 excivit.
780 3716 855 3757 nam
880 3704 1109 3779 praeterquam
1133 3695 1257 3778 quode

90 3779 215 3860 agmine
246 3798 352 3864 prope
384 3778 693 3864 quadringentorum
725 3778 890 3843 hominum
912 3781 1057 3862 veniens,
1091 3783 1147 3866 qni
1178 3779 1220 3845 ab

89 3862 173 3940 urbe,
189 3862 383 3946 indignitate
415 3865 465 3929 rei
496 3865 628 3931 accensi
661 3867 799 3932 comites
832 3866 865 3932 ei
889 3889 927 3932 se
949 3866 1125 3946 dederant,
1149 3887 1226 3928 cou-
