2738 4146
87 105 148 163 218
329 117 438 167 niens
455 117 504 169 ιιι.
522 117 598 168 car.
616 119 658 167 ιι.
676 118 717 166 42.
739 118 781 167 43.
802 114 835 183 [a.
853 115 887 166 o.
905 130 928 168 e.
946 115 1018 186 sosJ.

136 289 254 372 virum,
278 290 445 374 egregium
469 286 547 353 olim
571 290 660 352 domi
682 287 891 373 militiaeque,
925 287 1165 352 decemviratus
1200 306 1263 350 con·

137 374 298 462 legaeque
319 386 366 439 rta
387 384 604 456 mutaverant,
636 384 673 438 ut
695 373 794 461 Appii
842 396 917 437 uam
949 374 1000 437 sui
1022 371 1137 438 similis
1159 371 1264 436 mallet

138 484 220 526 esse.
259 462 334 526 huic
366 459 488 526 bellum
520 463 552 525 in
580 462 719 544 Sabinis,
743 460 797 524 Μ’.
857 458 985 524 abuleio
1010 469 1044 523 et
1066 456 1108 537 Q.
1132 458 1265 524 Poetilio

87 552 120 601 10
137 547 256 612 additis
272 547 426 632 conlegis,
450 548 648 611 mandatum.
671 547 716 612 M.
734 546 905 612 Cornelius
927 547 961 610 in
976 543 1137 630 Algidum
1152 545 1265 609 missus

138 655 211 697 cum
233 634 271 697 L.
296 633 438 698 Minucio
462 643 495 698 et
516 635 554 698 Τ.
578 634 719 698 Antonio
743 643 776 697 et
797 633 839 697 K.
864 631 990 697 Duillio
1014 641 1047 695 et
1069 630 1117 695 M.
1146 629 1266 715 Sergio.

137 718 194 806 sp.
228 718 375 806 Oppium
408 720 472 805 Ap.
506 719 644 785 Claudio
676 720 860 784 adiutorem
891 718 934 782 ad
966 717 1082 782 urbem
1117 718 1266 782 tuendam

138 827 242 892 aequo
266 808 409 870 omnium
434 807 694 871 decemvirorum
717 806 855 891 imperio
879 804 1070 870 decernunt.

102 899 117 947 1
238 891 347 955 XLII.
369 891 478 956 Nihilo
501 891 636 957 militiae
670 914 768 978 quam
801 891 888 955 domi
919 888 1035 954 melius
1063 887 1269 975 respublica

100 977 362 1041 radministrata
384 988 442 1043 est.
465 977 522 1042 illa
542 978 641 1043 modo
663 979 697 1041 in
720 977 859 1042 ducibus
881 975 989 1061 culpa,
1013 975 1112 1062 quod,
1135 984 1174 1040 ut
1195 975 1269 1039 odio

138 1074 247 1128 essent
269 1063 404 1141 civibus,
426 1064 585 1146 fecerant3
610 1064 674 1129 alia
697 1065 802 1128 omnis
817 1085 919 1148 penes
934 1061 1055 1126 milites
1070 1061 1174 1126 noxia
1193 1069 1269 1140 erat,

139 1151 203 1235 qui,
226 1172 268 1214 ne
292 1151 371 1235 quid
395 1150 495 1215 ductu
518 1163 616 1235 atque
639 1151 784 1234 auspicio
820 1149 1078 1214 decemvirorum
1110 1167 1271 1233 prospers

138 1257 275 1320 usquam
298 1246 478 1319 gereretur,
501 1238 589 1301 vinci
611 1258 647 1301 se
670 1259 729 1322 per
751 1257 846 1300 suum
865 1245 966 1322 atque
980 1233 1111 1298 illorum
1129 1232 1272 1297 dedecus

103 1322 356 1407 opatiebantur.
379 1321 442 1387 susi
466 1331 499 1386 et
521 1321 562 1387 ab
586 1321 716 1387 Sabinis
749 1324 790 1386 ad
812 1322 950 1386 Eretum
973 1329 1006 1385 et
1027 1321 1061 1383 in
1081 1317 1207 1404 Algido
1231 1318 1270 1382 ab

137 1407 264 1492 Aequis
288 1409 451 1472 exercitus
475 1418 576 1472 erant.
600 1408 641 1472 ab
664 1409 765 1473 Ereto
789 1430 849 1494 per
870 1406 1036 1472 silentium
1065 1407 1174 1470 noctis
1220 1425 1270 1468 ro·

137 1492 206 1576 iugi
239 1495 373 1579 propius
404 1493 519 1558 urbem
551 1496 636 1564 inter
666 1495 807 1558 Fidenas
840 1491 1167 1575 Crustumeriamque
1197 1427 1273 1556 loco

102 1592 119 1640 4
139 1579 227 1643 edito
251 1588 359 1643 castra
380 1581 649 1663 communierant;
672 1581 853 1666 persecutis
874 1577 1025 1660 hostibus
1052 1598 1215 1663 nusquam
1239 1598 1275 1641 se

138 1687 244 1750 aequo
275 1668 443 1730 certamini
483 1668 720 1732 committentes
753 1676 871 1730 natura
901 1664 965 1729 loci
1001 1685 1040 1728 ao
1076 1663 1181 1745 vallo,¹
1208 1684 1274 1727 non

24 1773 26 1777 ·
103 1751 259 1819 ovirtute
296 1762 351 1816 aut
387 1753 485 1816 armis
516 1753 714 1818 tutabantur.
753 1754 856 1816 maius
887 1750 1046 1835 flagitium
1077 1751 1112 1814 in
1141 1747 1275 1834 Algido,

138 1839 243 1901 maior
266 1840 363 1901 etiam
387 1837 497 1904 clades
530 1849 679 1925 accepta;
712 1851 820 1903 castra
853 1859 986 1923 quoquo
1018 1836 1138 1900 amissa
1170 1843 1275 1916 erant,

139 1933 322 2009 exutusque
360 1924 509 1988 omnibus
546 1924 738 1989 utensilibus
774 1924 868 1988 miles
905 1921 1084 1988 Tusculum
1124 1943 1171 2000 se,
1210 1921 1277 1986 fide

138 2010 427 2095 misericordiaque
449 2012 595 2075 victurus
618 2012 794 2096 hospitum,
827 2031 911 2095 quae
942 2018 1052 2073 tamen
1082 2027 1149 2072 non
1180 2006 1275 2071 fefel-

103 2094 254 2168 olerunt,
282 2095 476 2160 ‘contulerat
513 2096 650 2160 Romam
682 2099 763 2161 tanti
795 2106 888 2160 erant
924 2106 1064 2159 terrores
1095 2091 1198 2176 allati,
1238 2102 1276 2158 ut

13 2190 16 2195 “
139 2182 244 2266 posito
268 2181 333 2244 iam
357 2181 567 2246 decemvirali
590 2185 664 2248 odio
687 2193 797 2269 patres
812 2181 939 2266 vigilias
954 2182 987 2245 in
1003 2180 1086 2245 urba
1103 2179 1278 2244 habendas

44 2291 47 2296 ’
76 2296 78 2301 ·
140 2276 320 2351 censerent,
358 2289 483 2345 omnes,
522 2269 578 2354 qui
608 2292 669 2356 per
700 2279 839 2334 aetatem
872 2290 964 2331 arma
998 2266 1087 2330 ferre
1125 2275 1276 2350 possent,

140 2354 302 2418 custodire
334 2355 464 2418 moenia
495 2376 533 2418 ao
564 2377 624 2440 pro
657 2356 760 2441 portis
792 2356 949 2419 stationes
980 2374 1079 2436 agere
1112 2350 1278 2431 iuberent,

105 2457 120 2504 t
138 2463 229 2505 arma
243 2439 421 2505 Tusculum
438 2462 477 2504 ac
492 2441 756 2526 supplementum
772 2442 987 2505 decernerent
1002 2439 1277 2523 decemvirosque

139 2526 180 2591 ab
203 2548 279 2591 arce
302 2525 436 2590 Tusculi
459 2528 623 2610 digressos
653 2529 686 2591 in
710 2528 824 2591 castris
847 2526 983 2590 militem
1002 2523 1142 2606 habere;
1167 2537 1279 2588 castra

138 2611 202 2676 alia
224 2635 244 2675 a
265 2612 400 2676 Fidenis
421 2613 455 2676 in
478 2612 634 2677 Sabinum
656 2636 771 2698 agrum
803 2613 972 2676 transferri
1003 2609 1159 2695 belloque
1189 2608 1277 2674 ultro

139 2695 315 2762 inferendo*
334 2698 492 2762 deterreri
514 2699 625 2764 hostes
647 2721 667 2762 a
691 2698 824 2763 consilio
846 2697 938 2763 urbis
962 2695 1216 2782 oppugnandae.

74 2789 77 2792 ’
104 2799 119 2845 1
240 2783 365 2847 XLIII.
390 2784 442 2847 Ad
467 2783 577 2849 clades
601 2785 642 2849 ab
664 2784 814 2849 hostibus
849 2792 1001 2869 acceptas
1036 2782 1103 2846 duo
1133 2780 1279 2845 nefanda

103 2870 286 2933 tfacinora
310 2870 486 2934 decemviri
518 2869 606 2935 belli·
629 2871 782 2956 domique
813 2871 967 2934 adiciunt.
1004 2868 1044 2932 L.
1069 2867 1214 2932 Siccium
1245 2867 1279 2931 in

140 2954 281 3036 Sabinis,
304 2978 366 3040 per
387 2957 544 3020 invidiam
568 2957 820 3022 decemviralem
836 2956 1040 3021 tribunorum
1057 2953 1277 3018 creandorum

140 3043 400 3125 secessionisque
438 3044 617 3107 mentiones
656 3044 698 3106 ad
736 3042 853 3126 vulgus
889 3042 1029 3106 militum
1071 3039 1278 3105 sermonibus

140 3129 275 3193 occultis
293 3137 463 3206 serentem,
485 3128 751 3214 prospeculatum
768 3131 809 3192 ad
825 3129 931 3193 locum
948 3127 1063 3192 castris
1079 3125 1277 3211 capiendum

102 3232 117 3279 3
139 3217 280 3278 mittunt.
306 3214 402 3277 datur
417 3216 586 3297 negotium
601 3216 767 3295 militibus,
785 3238 867 3300 quos
884 3216 1040 3278 miserant
1055 3211 1279 3296 expeditionis

141 3301 209 3364 eius
233 3301 378 3376 comites,
412 3310 449 3363 ut
480 3322 555 3363 eum
578 3311 764 3387 opportuno
799 3302 906 3365 adorti
937 3299 1010 3364 loco
1042 3297 1278 3363 interficerent.

102 3386 226 3450 thaud
250 3385 388 3449 inultum
410 3387 620 3469 interfecere3
658 3409 733 3451 nam
765 3388 851 3450 circa
879 3393 1118 3471 repugnantem
1152 3383 1281 3468 aliquot

139 3472 346 3536 insidiatores
370 3472 529 3554 cecidere,
553 3474 720 3557 cumipse
743 3496 779 3537 se
806 3471 1015 3559 praevalidus
1047 3472 1120 3556 pari
1152 3471 1279 3535 viribus

104 3560 247 3622 oanimo
285 3559 526 3622 circumventus
564 3568 733 3623 tutaretur.
778 3560 927 3622 nuntiant
961 3559 996 3621 in
1032 3565 1140 3620 castra
1178 3557 1280 3620 ceteri

139 3643 391 3730 praecipitatum
413 3643 447 3707 in
470 3644 603 3708 insidias
628 3667 714 3725 esse;
748 3644 889 3709 Siccium
913 3644 1045 3728 egregie
1076 3652 1280 3729 pugnantem

102 3730 324 3816 omilitesque
348 3729 508 3814 quosdam
532 3753 605 3794 cum
628 3752 667 3795 eo
692 3733 837 3795 amissos.
874 3732 981 3817 primo
1012 3727 1096 3793 fides
1127 3729 1279 3792 nuntian-

135 3816 226 3887 tibus
246 3817 326 3898 fuit5
356 3815 507 3902 profecta
530 3816 651 3880 deinde
674 3817 789 3881 cohors
817 3816 859 3880 ad
883 3815 1092 3902 sepeliendos
1116 3815 1173 3900 qui
1195 3814 1280 3878 ceci-
