2738 4146
88 128 154 186 104
306 139 416 190 LIBER
433 140 469 189 11.
488 137 562 190 cAP.
581 141 623 189 59.
642 139 684 188 60.
702 140 744 189 61.
763 135 797 205 [o.
815 137 848 187 U.
867 152 889 187 c.
909 132 1066 203 tta-2841.

138 311 413 399 duplicariosque,
437 311 494 396 qui
515 308 717 394 reliquerant
740 308 882 388 ordines,
906 307 1007 389 virgis
1029 328 1144 371 caesos
1172 307 1283 373 securi

136 399 311 485 percussit3
337 407 446 462 cetera
467 395 642 461 multitudo
675 405 763 459 sorte
787 395 932 458 decimus
956 394 1096 480 quisque
1134 394 1179 459 ad
1203 416 1281 480 sup·

136 485 270 572 plicium
293 482 380 547 lecti.
922 560 925 567 ¹

97 590 109 636 1
242 568 314 632 LX.
340 567 461 633 Contra
495 589 534 631 ea
564 568 596 630 in
620 564 745 652 Aequis
777 567 862 630 inter
894 562 1058 629 consulem
1092 587 1133 629 ac
1155 563 1280 632 milites

137 657 287 721 comitate
311 676 349 718 ac
372 653 537 718 beneficiis
561 661 721 716 certatum
744 662 802 717 est.
828 662 861 716 ct
882 660 999 714 natura
1014 650 1191 729 Quinctius
1207 662 1281 717 erat

136 742 250 824 lenior,
274 751 306 805 et
329 740 467 803 saevitia
488 737 790 822 infelix'conlegae,
825 759 888 824 quo
922 738 950 801 is
980 738 1085 820 magis
1115 739 1281 822 gauderet

95 829 265 912 ringenio
289 848 358 909 suo,
383 826 545 890 effecerat.
584 825 661 888 huic
693 834 805 889 tantae
833 823 1030 888 concordiae
1054 824 1148 887 ducis
1183 845 1279 889 exer·

138 916 286 1000 citusque
309 934 373 975 non
397 913 468 974 ausi
497 911 614 975 offerro
647 933 682 975 se
705 909 823 998 Aequi,
855 911 969 992 vagari
1000 908 1278 995 populabundum

137 1000 264 1063 hostem
288 1020 348 1082 per
370 1019 466 1081 agros
490 997 593 1082 passi3
615 1019 677 1060 nec
700 995 766 1061 ullo
790 1005 866 1060 ante
888 994 975 1060 bello
992 994 1088 1061 latius
1104 996 1184 1061 inde
1201 1007 1276 1061 acta

95 1107 110 1155 3
138 1085 270 1171 praeda.
304 1105 343 1147 ea
375 1084 478 1147 omnis
511 1081 605 1147 militi
638 1083 715 1147 data
752 1092 809 1146 est.
848 1081 1055 1146 addebantur
1091 1091 1125 1148 et
1146 1081 1277 1166 laudes,

138 1171 257 1257 quibus
279 1169 367 1231 haud
391 1170 496 1232 minus
521 1191 618 1255 quam
641 1169 785 1253 praemio
813 1169 958 1251 gaudent
991 1168 1131 1233 militum
1164 1170 1276 1233 animi.

138 1279 212 1321 cum
245 1256 320 1319 duci
351 1264 421 1318 tum
451 1266 588 1340 propter
620 1255 738 1319 ducem
769 1253 917 1340 patribus
950 1277 1080 1342 quoquc
1139 1253 1280 1320 lacatior

138 1343 303 1408 exereitus
334 1340 430 1420 redit,
469 1341 530 1405 sibi
562 1350 741 1425 parentem,
780 1340 873 1405 alteri
911 1341 1069 1405 exercitui
1108 1277 1279 1406 dominum

140 1428 252 1491 datum
276 1426 317 1489 ab
342 1437 455 1490 senatu
479 1449 672 1490 memorans.

97 1525 114 1570 4
243 1513 343 1575 Varia
379 1511 510 1575 fortuna
547 1511 635 1595 belli,
673 1512 777 1575 atroci
815 1511 978 1575 discordia
1010 1510 1097 1575 domi
1128 1512 1279 1600 forisque

141 1621 260 1662 annum
283 1606 435 1661 exactum
458 1599 617 1680 insignem
639 1599 781 1662 maxime
812 1598 941 1662 comitia
973 1597 1096 1661 tributa
1119 1597 1277 1683 efficiunt,

56 1691 60 1697 '
99 1717 115 1764 5
141 1706 192 1748 res
215 1685 318 1747 maior
339 1684 476 1750 victoria
498 1685 642 1768 suscepti
667 1683 850 1748 certaminis
873 1705 971 1769 quam
993 1704 1069 1767 usu3
1093 1682 1168 1768 plus
1190 1686 1278 1750 eninr

141 1771 305 1853 dignitatis
329 1771 466 1833 comitiis
489 1771 569 1855 ipsis
592 1770 775 1834 detractum
807 1779 857 1834 est
889 1769 1035 1855 patribus
1068 1791 1112 1835 ex
1134 1771 1276 1836 concilio

139 1856 379 1938 submovendis,
404 1878 502 1940 quam
524 1856 642 1920 virium
664 1865 720 1920 aut
742 1855 830 1941 plebi
854 1856 1001 1920 additum
1022 1864 1073 1921 est
1086 1865 1146 1920 aut
1160 1857 1277 1943 demp-

138 1952 208 2007 tum
256 1940 389 2004 atribus.

98 2037 111 2084 1
231 1965 330 2089 ΙἷΧΙ.
354 2025 587 2092 Turbulentior
608 2026 684 2091 inde
716 2049 818 2090 annus
849 2028 982 2110 excepit
1013 2025 1053 2091 L.
1077 2026 1213 2094 Valerio
1235 2028 1275 2093 T.

139 2111 275 2176 Aemilio
300 2111 497 2194 consulibus,
522 2136 595 2177 cum
616 2122 752 2197 propter
775 2113 951 2177 certamina
974 2112 1124 2178 ordinum
1141 2114 1275 2199 delego

94 2226 110 2274 2
137 2200 265 2280 agraria
302 2207 371 2262 tum
401 2209 536 2283 propter
567 2199 724 2262 iudicium
755 2199 819 2284 Ap.
853 2197 979 2281 Claudi,
1014 2201 1075 2283 cui,
1109 2201 1274 2266 acerrimo

137 2285 324 2348 adversario
348 2282 429 2367 legis
454 2307 650 2371 causamque
673 2306 900 2369 possessorum
927 2284 1051 2370 publici
1082 2287 1154 2371 agri
1189 2296 1273 2352 tam·

137 2392 234 2455 quarn
264 2371 360 2434 tertio
396 2369 520 2434 consuli
552 2371 731 2453 sustinenti,
765 2371 807 2434 Μ.
831 2370 974 2435 Duillius
1004 2380 1036 2436 et
1059 2369 1118 2436 On.
1143 2371 1271 2438 Siccius

95 2486 110 2533 3
137 2457 221 2518 diem
247 2456 371 2523 dixere.
403 2479 580 2543 numquam
612 2466 687 2521 antc
711 2466 777 2520 tam
799 2457 921 2521 invisus
945 2456 1035 2605 plebi
1057 2479 1134 2522 reus
1158 2459 1203 2523 ad
1224 2460 1272 2523 iu·

136 2541 255 2605 dicium
276 2553 414 2607 vocatus
430 2544 543 2628 populi
560 2552 618 2627 est,
634 2542 749 2628 plenus
766 2565 907 2626 suarum,
923 2566 943 2628 p
959 2565 1038 2607 enus
1053 2553 1270 2628 paternarum

95 2659 110 2705 4
136 2629 266 2692 irarum.
306 2639 417 2713 patres
451 2651 580 2715 quoque
611 2651 675 2692 non
707 2639 831 2694 temere
862 2651 921 2715 pro
945 2628 1011 2693 ullo
1034 2650 1141 2716 aeque
1164 2631 1273 2696 adnisi

136 2721 225 2776 sunt:
259 2723 536 2798 propugnatorem
571 2725 701 2779 senatus
723 2716 966 2801 maiestatisque
988 2715 1154 2781 vindicem
1178 2738 1269 2800 suae,

136 2798 177 2860 ad
189 2820 300 2862 omnes
315 2798 506 2863 tribunicios
522 2800 736 2887 plebeiosque
747 2802 932 2886 oppositum
949 2800 1118 2885 tumultus,
1133 2803 1270 2867 modum

94 2919 109 2964 5
137 2883 305 2946 dumtaxat
328 2886 360 2946 in
384 2887 559 2950 certamine
584 2909 762 2969 egressum,
785 2889 888 2952 iratae
912 2887 996 2951 obici
1019 2886 1119 2974 plebi.
1142 2912 1229 2954 unus
1253 2911 1272 2954 e

135 2968 294 3053 patribus,
317 2970 389 3056 ipsc
412 2970 475 3056 Ap.
502 2971 668 3054 Claudius,
693 2982 725 3036 et
748 2974 895 3038 tribunos
919 2983 951 3037 et
973 2972 1106 3059 plebem
1127 2984 1160 3039 et
1176 2997 1272 3040 suum

138 3055 294 3118 iudicium
319 3079 378 3142 pro
403 3056 504 3120 nihilo
528 3057 682 3122 babebat.
715 3057 805 3122 illum
828 3081 892 3123 non
920 3060 1026 3124 minae
1058 3057 1177 3145 plebis,
1202 3083 1271 3126 non

136 3150 268 3205 senatus
292 3164 408 3225 preces
432 3144 617 3228 perpellere
640 3167 796 3231 umquam
819 3155 966 3230 potuere,
998 3168 1062 3209 non
1096 3146 1197 3212 modo
1232 3155 1271 3211 ut

135 3236 259 3290 vestem
284 3237 425 3291 mutaret
448 3243 503 3293 aut
525 3229 666 3315 supplex
693 3240 864 3315 prensaret
893 3230 1051 3313 homines,
1084 3232 1142 3296 sed
1168 3255 1212 3299 ne
1233 3242 1272 3297 ut

137 3335 178 3376 ex
203 3325 359 3377 consueta
383 3315 516 3400 quidem
540 3317 714 3400 asperitate
738 3318 902 3398 orationis,
935 3340 1008 3381 cum
1041 3317 1083 3381 ad
1107 3318 1269 3405 populum

95 3413 110 3460 6
136 3399 264 3480 agenda
287 3421 384 3463 causa
409 3411 502 3481 esset,
526 3401 647 3488 aliquid
671 3401 787 3467 leniret
808 3412 841 3467 at
865 3427 907 3469 ue
930 3403 1147 3469 submitteret.
1178 3405 1268 3470 idem

136 3483 267 3549 habitus
291 3487 366 3566 oris,
391 3488 505 3551 eadem
529 3490 732 3553 contumacia
753 3491 787 3552 in
808 3426 912 3572 vultu,
944 3490 1032 3553 idem
1059 3491 1093 3554 in
1116 3493 1265 3555 oratione

136 3570 269 3654 spiritus
293 3580 372 3652 erat,
396 3572 479 3637 adeo
504 3584 539 3636 ut
560 3596 680 3655 magna
701 3597 777 3659 pars
793 3573 900 3661 plebis
918 3577 1061 3661 Appium
1077 3598 1143 3641 non
1159 3578 1267 3641 minus

90 3673 109 3720 :7
135 3678 227 3719 reum
250 3658 387 3740 timeret,
412 3681 509 3744 quam
533 3659 698 3725 consulem
721 3662 882 3726 timuerat.
906 3660 1007 3725 semel
1023 3684 1158 3728 causam
1174 3663 1269 3744 dixit,

138 3762 202 3824 quo
226 3765 356 3828 semper
379 3766 476 3827 agere
500 3748 609 3810 omnia
640 3746 753 3811 solitus
786 3758 865 3829 erat,
900 3748 1102 3813 accusatorio
1135 3749 1269 3833 spiritu;

136 3827 287 3909 adeoque
311 3832 492 3894 constantia
514 3853 572 3896 sua
595 3841 627 3896 et
648 3833 796 3898 tribunos
820 3833 1038 3918 obstupefecit
1064 3843 1098 3900 et
1118 3834 1264 3921 plebem,
