2738 4146
98 89 159 146 114
371 101 479 151 arnna
497 101 568 151 xxi.
588 100 664 151 cnr.
682 102 707 151 e.
726 103 749 152 o.
771 100 804 168 [a.
822 101 854 152 u.
874 118 897 152 0.
916 100 985 170 sats]⁸

109 293 125 340 1
147 273 363 336 munitionum
384 270 464 334 nihil
487 281 657 334 cessatum.
681 272 792 355 itaque
808 272 914 335 acrius
931 271 973 334 de
988 271 1115 355 integro
1133 272 1281 336 coortum

149 368 198 422 est
220 357 351 430 bellum,
377 356 591 442 pluribusque
613 356 771 440 partibus,
803 358 861 421 vix
884 358 1121 441 accipientibus
1145 359 1281 443 quibus·

149 444 224 507 dam
260 466 360 528 opera
392 444 481 524 locis,
514 445 629 507 vineae
662 452 797 526 coeptae
829 443 881 526 agi
916 443 1151 528 admoverique
1185 446 1280 508 aries.

107 554 121 598 3
149 528 336 593 abundabat
358 527 564 592 multitudine
587 527 753 592 hominum
774 529 918 593 Poenus:
951 530 992 592 ad
1025 539 1157 594 centum
1188 532 1280 616 quin·

103 645 120 687 4
149 617 303 700 quaginta
324 615 412 678 milia
433 613 585 677 habuisse
607 615 641 677 in
663 616 760 678 armis
785 615 861 678 satis
882 615 1040 696 creditur3
1065 616 1223 701 oppidani
1238 617 1280 680 ad

149 704 256 767 omnia
288 701 409 765 tuenda
443 709 541 785 atque
574 700 725 764 obeunda
755 699 961 764 multifariam
994 701 1142 765 distineri
1171 703 1279 788 coepti

107 809 210 860 5non
240 786 453 850 sufficiebant.
500 788 609 871 itaque
646 788 711 850 iam
746 786 947 851 feriebantur
985 786 1142 851 arietibus
1181 790 1277 872 muri,

146 883 384 959 quassataeque
408 871 529 937 multae
554 882 663 956 partes
687 884 794 954 erant3
826 895 891 937 una
914 873 1154 937 continentibus
1177 875 1279 938 ruinis

143 959 326 1024 nudaverat
356 957 487 1039 urbem3
518 968 584 1021 tres
617 957 771 1044 deinceps
805 969 910 1023 turres
943 969 1166 1045 quantumque
1194 962 1279 1025 inter

110 1060 199 1108 oeas
234 1047 318 1108 muri
351 1053 421 1107 erat
452 1066 526 1108 oum
563 1044 692 1127 fragore
728 1046 851 1128 ingenti
882 1046 1096 1130 prociderant.
1145 1056 1279 1131 captum

144 1131 301 1218 oppidum
325 1152 364 1194 ea
386 1131 478 1193 1111110
501 1130 710 1195 crediderant
731 1131 847 1212 Poeni;
881 1154 953 1216 qua,
983 1130 1075 1194 velut
1098 1133 1126 1194 01
1154 1133 1279 1217 pariter

142 1230 298 1302 utrosque
323 1238 434 1279 murus
449 1217 596 1295 texisset,
619 1217 665 1279 ita
687 1218 852 1301 utrimque
876 1219 908 1280 in
922 1240 1066 1304 pugnam
1081 1239 1277 1304 procursum

107 1310 201 1367 test.
224 1301 303 1365 nihil
325 1300 553 1366 tumultuariae
574 1324 703 1389 pugnae
726 1302 830 1367 simile
852 1312 929 1383 erat,
955 1302 1068 1388 quales
1095 1305 1128 1366 in
1154 1326 1278 1391 oppug-

140 1387 323 1455 nationibus
354 1388 484 1452 urbium
515 1410 574 1475 per
607 1390 810 1454 occasionem
846 1389 946 1476 partis
984 1389 1116 1454 alterius
1149 1391 1277 1455 conseri

142 1474 255 1556 solent,
287 1474 345 1538 sed
377 1475 480 1538 iustae
511 1475 597 1538 acies
628 1474 719 1539 velut
749 1478 870 1560 patenti
903 1473 1017 1561 campo
1050 1475 1134 1539 inter
1166 1477 1278 1542 11111100

141 1561 225 1625 muri
247 1569 333 1624 tecta
355 1583 396 1623 110
418 1560 508 1624 urbis
531 1561 661 1626 modico
685 1562 837 1625 distantia
863 1560 1033 1625 intervallo
1056 1563 1277 1626 constiterant.

85 1703 87 1706 ,
105 1666 121 1712 8
141 1646 216 1710 hinc
239 1669 253 1710 s
280 1668 324 1724 es,
371 1646 423 1710 ino
447 1646 633 1733 desperatio.
653 1648 776 1712 animos
798 1647 915 1729 inritat,
939 1647 1049 1713 Poeno
1070 1647 1198 1733 cepisse
1212 1648 1278 1712 iam

141 1754 177 1796 se
211 1669 337 1812 urbem,
371 1734 398 1796 si
429 1731 562 1818 paulum
594 1732 764 1816 adnitatur,
797 1734 961 1816 credente,
992 1731 1181 1816 Saguntinis
1239 1756 1276 1799 ro

139 1817 263 1882 nudata
276 1817 445 1882 moenibus
460 1820 566 1904 patria
581 1841 720 1904 corpora
735 1842 775 1906 op
801 1818 981 1900 onentibus,
997 1841 1059 1884 nec
1073 1818 1140 1884 ullo
1156 1757 1277 1906 pedbm

140 1904 312 1984 referente,
349 1926 390 1968 ne
423 1905 456 1966 in
483 1903 632 1968 relictum
664 1927 684 1968 a
716 1927 752 1970 se
777 1843 891 1970 locum
922 1905 1048 1971 hostem
1078 1905 1276 1970 immitteret.

106 1992 248 2076 uitaque
272 2012 336 2076 quo
360 1990 465 2054 acrius
490 1999 521 2052 et
549 1990 717 2054 confertim
749 1992 851 2073 magis
882 1993 1045 2077 utrimque
1076 1990 1276 2077 pugnabant,

142 2099 180 2140 00
224 2074 334 2161 plures
378 2074 630 2140 vulnerabantur
662 2074 751 2141 nullo
782 2077 865 2142 inter
895 2087 966 2142 arta
1009 2099 1148 2163 corpora
1191 2099 1276 2143 vano

91 2189 122 2234 10
141 2161 354 2226 intercidente
386 2159 460 2225 telo.
497 2160 666 2247 phalarica
697 2173 766 2227 erat
798 2161 983 2246 Saguntinis
1020 2161 1143 2228 missile
1175 2162 1278 2230 telum

141 2246 249 2312 hastili
271 2246 409 2330 abiegno
433 2257 465 2311 et
487 2257 597 2312 cetera
622 2251 716 2312 tereti
746 2259 973 2336 praeterquam
1006 2248 1047 2312 ad
1080 2258 1275 2331 extremum,

140 2333 228 2398 unde
251 2333 374 2398 ferrum
397 2332 558 2413 exstabat,
590 2333 634 2416 id,
669 2335 753 2399 sicut
784 2336 816 2398 in
838 2334 915 2422 pilo,
940 2334 1135 2422 quadratum
1157 2345 1276 2422 stuppa

89 2448 118 2494 11
141 2419 410 2504 circumligabant
431 2419 639 2506 linebantque
662 2421 749 2507 pice3
772 2421 896 2486 ferrum
918 2430 1026 2485 autem
1052 2430 1118 2486 tres
1141 2420 1276 2505 longum

141 2506 284 2570 habebat
305 2506 418 2592 pedes,
441 2516 477 2571 ut
499 2530 573 2571 cum
596 2509 693 2571 armis
716 2507 908 2586 hansfigere
932 2530 1049 2594 corpus
1072 2517 1193 2593 posset.
1217 2507 1276 2572 sed

140 2592 173 2654 id
196 2594 347 2674 maxime,
381 2593 478 2656 etiam
509 2594 536 2656 si
567 2591 725 2657 haesisset
746 2594 779 2657 in
802 2602 893 2659 scuto
924 2615 986 2657 nec
1017 2602 1222 2679 penetrasset
1243 2595 1277 2658 in

88 2706 119 2752 ta
141 2701 268 2762 corpus,
305 2701 462 2765 pavorem
493 2676 643 2758 faciebat,
684 2679 779 2765 quod,
819 2703 894 2744 cum
924 2679 1069 2743 medium
1101 2701 1278 2746 accensum

140 2766 320 2850 mitteretur
354 2773 611 2850 conceptumque
642 2764 712 2849 ipso
744 2774 834 2830 motu
865 2764 965 2830 multo
988 2765 1145 2830 maiorem
1166 2767 1276 2848 ignem

139 2849 248 2930 ferret,
273 2871 363 2913 arma
386 2850 487 2913 omitti
508 2849 646 2931 cogebat
659 2850 847 2937 nudumque
862 2850 997 2915 militem
1012 2850 1053 2915 ad
1069 2853 1276 2938 insequentes

141 2935 223 3000 ictus
279 2934 435 2999 'aebebat

102 3040 170 3098 ,a
244 2959 305 3084 111.
331 3019 414 3086 Cum
447 3020 503 3085 diu
535 3043 654 3108 anceps
681 3021 796 3087 fuisset
818 3033 992 3102 certamen,
1024 3031 1057 3086 et
1078 3019 1274 3104 Saguntinis,

143 3108 220 3194 quia
239 3117 370 3194 praeter
392 3130 483 3192 spem
506 3107 701 3190 resisterent,
726 3109 905 3174 crevissent
919 3107 1026 3189 animi,
1042 3107 1183 3189 Poenus,
1222 3110 1277 3174 uia

100 3225 116 3274 2
143 3216 207 3258 non
239 3194 379 3277 vicisset,
411 3215 471 3279 pro
502 3195 589 3282 victo
622 3204 715 3276 esset,
749 3193 924 3260 clamorem
954 3203 1088 3295 repente
1120 3132 1277 3281 oppidani

96 3313 98 3318 2
144 3279 259 3345 tollunt
282 3280 474 3366 hostemque
497 3280 529 3343 in
552 3281 662 3344 ruinas
685 3281 769 3344 muri
792 3279 969 3368 expellunt,
991 3279 1067 3343 mdc
1082 3280 1276 3366 impeditum

141 3366 424 3452 trepidantemque
448 3365 630 3447 exturbant,
664 3376 827 3453 postremo
859 3365 966 3432 firsum
995 3364 1210 3453 fugatumque
1241 3367 1275 3431 111
1344 3374 1348 3384 “

141 3462 248 3518 castra
268 3453 430 3536 redigunt.
909 3485 913 3493 ·

243 3536 378 3602 Interim
400 3537 442 3603 ab
464 3537 568 3602 Roma
590 3537 714 3621 legatos
736 3539 865 3602 venisse
880 3538 1060 3602 nuntiatum
1077 3545 1139 3618 est3
1156 3537 1274 3623 quibus

141 3623 272 3689 obviam
294 3624 336 3686 ad
359 3645 449 3688 mare
471 3625 560 3689 missi
583 3623 624 3689 ab
647 3623 843 3707 Hannibale,
876 3624 930 3709 qui
953 3624 1099 3689 dicerent
1119 3645 1182 3690 nec
1204 3633 1273 3690 tuto

142 3732 197 3774 000
221 3710 365 3774 adituros
388 3711 472 3773 inter
494 3719 542 3774 tot
564 3718 631 3774 tam
654 3710 881 3775 effrenatarum
910 3711 1055 3794 gentium
1085 3732 1185 3792 arma,
1212 3732 1274 3775 nec

142 3794 318 3877 Hannibali
340 3796 372 3858 in
397 3806 484 3860 tanto
509 3796 694 3860 discrimine
716 3818 825 3862 rerum
857 3817 975 3881 operae
999 3818 1070 3860 esse
1092 3794 1272 3880 legationes
