2738 4146
320 123 430 174 LIBER
447 122 519 173 XXI.
539 123 614 174 CAP.
633 126 675 175 26.
694 126 736 174 27.
756 122 793 192 [a.
812 124 844 174 U.
864 141 885 175 c.
905 124 978 194 536}
1187 113 1248 170 127

60 297 209 363 delectos
232 298 356 382 equites
380 295 517 360 ducibus
539 295 796 361 Massiliensibus
821 306 852 361 et
867 297 1077 362 auxiliaribus
1094 296 1196 363 Gallis

61 385 103 448 ad
127 405 145 447 e
196 381 333 447 loranda
355 384 463 447 omnia
485 382 701 468 visendosque
725 405 767 445 ex
789 392 856 447 tuto
880 383 990 448 hostes
1011 387 1196 470 praemittit.

61 471 173 534 Hanni
197 466 230 533 al
252 469 367 532 ceteris
396 477 486 531 metu
513 477 569 532 aut
593 471 697 555 pretio
724 471 846 555 pacatis
872 472 938 533 iam
964 472 997 533 in
1022 469 1197 535 Volcarum
1220 488 1235 535 6

59 563 258 644 pervenerat
279 575 403 636 agrum,
427 556 530 636 gentis
553 554 690 618 validae.
715 553 826 619 colunt
847 565 955 619 autem
976 558 1062 620 circa
1077 565 1195 620 utram·

58 664 125 730 que
148 645 252 729 ripam
278 639 441 720 Rhodani3
465 640 523 704 sed
547 639 645 704 diffisi
667 643 815 705 citeriore
831 662 909 724 agro
931 645 1035 706 areeri
1050 641 1195 707 Poenum

59 749 170 817 posse,
198 736 235 792 ut
260 725 381 790 flumen
406 749 466 814 pro
493 728 692 790 munimento
720 725 887 806 haberent,
917 727 1066 793 omnibus
1094 726 1197 794 ferme

58 818 127 880 suis
150 823 240 878 trans
263 812 458 876 Rhodanum
480 814 621 876 traiectis
644 812 828 877 ulteriorem
854 816 957 900 ripam
980 817 1082 878 amnis
1099 818 1233 880 armis?

57 898 260 966 obtinebant
299 906 425 962 ceteros
463 897 590 962 accolas
628 897 767 964 fluminis
805 897 970 963 Hannibal
1015 909 1047 964 et
1084 922 1197 965 eorum

59 991 217 1075 ipsorum,
242 1006 323 1070 quos
346 983 441 1048 sedes
464 1005 542 1048 suae
564 993 742 1063 tenuerant,
772 983 866 1048 simul
888 984 1017 1072 perlicit
1039 985 1130 1050 donis
1154 987 1197 1049 ad

58 1095 162 1137 naves
192 1071 338 1156 undique
370 1069 607 1134 contrahendas
641 1069 921 1156 fabricandasque,
954 1071 1048 1135 simul
1077 1080 1109 1136 et
1135 1075 1197 1159 ipsi

58 1159 153 1223 traici
187 1158 369 1220 exereitum
401 1153 568 1240 levarique
604 1177 701 1241 quam
732 1159 872 1242 primum
905 1161 1072 1240 regionem
1105 1181 1197 1222 suam

59 1254 151 1308 tanta
172 1242 339 1307 hominum
360 1251 495 1323 urgente
518 1241 614 1306 turba
628 1241 809 1327 cupiebant.
834 1245 941 1328 itaque
956 1247 1069 1325 ingens
1085 1254 1197 1309 coacta
1217 1261 1233 1310 8

59 1333 109 1395 vis
133 1331 265 1394 navium
288 1336 337 1393 est
357 1325 565 1413 lintriumque
587 1337 710 1391 temere
733 1327 775 1391 ad
797 1329 968 1392 vicinalem
991 1352 1084 1393 usum
1102 1352 1195 1415 para·

57 1426 183 1497 tarum;
220 1435 321 1478 novas
345 1435 386 1476 ue
419 1411 497 1476 alias
547 1415 663 1478 rimum
697 1411 784 1477 Galli
815 1413 1004 1479 incohantes
1036 1414 1197 1480 cavabant

56 1524 104 1566 ex
136 1499 270 1584 singulis
301 1521 337 1563 ar
363 1497 482 1580 oribus,
522 1437 639 1562 deiude
671 1508 704 1563 et
733 1502 795 1586 ipsi
825 1499 943 1563 milites
975 1499 1069 1565 simul
1102 1523 1140 1566 co
1166 1504 1230 1566 ia9

60 1588 216 1652 materiae
239 1584 333 1650 simul
355 1583 506 1649 facilitate
528 1587 635 1672 operis
656 1584 780 1650 inducti
800 1584 909 1650 alveos
923 1585 1087 1670 informes,
1103 1526 1194 1670 nillil,

58 1672 239 1739 dummodo
262 1674 374 1735 innare
400 1692 505 1757 aquae
536 1680 568 1735 et
595 1692 712 1758 capere
740 1693 839 1736 onera
856 1681 1007 1759 possent,
1034 1682 1194 1747 curantes,

58 1762 188 1848 raptim,
212 1757 329 1844 quibus
352 1778 387 1821 se
409 1778 532 1842 suaque
554 1756 809 1837 transveherent,
832 1755 1003 1822 faciebant

145 1843 291 1908 XXVII.
307 1842 443 1927 Iamque
458 1841 607 1907 omnibus
622 1844 699 1906 satis
715 1843 907 1929 comparatis
925 1844 966 1907 ad
981 1844 1196 1909 traiciendum
1215 1853 1229 1899 1

58 1930 229 1996 terrebant
244 1953 286 1994 ex
299 1929 438 1993 adverso
452 1928 563 1992 hostes
583 1951 711 1993 omnem
727 1933 831 2016 ripam
848 1930 973 2015 equites
987 1930 1113 2014 virique
1138 1930 1194 1996 ob-

58 2019 209 2081 tinentes.
242 2034 324 2102 quos
347 2023 383 2079 ut
407 2023 578 2093 averteret,
614 2014 818 2094 Hannonem,
854 2014 1045 2080 Bomilcaris
1081 2015 1229 2099 filium,2

57 2101 171 2186 vigilia
191 2101 297 2189 prima
317 2101 421 2166 noctis
444 2122 517 2164 cum
539 2110 632 2187 parte
655 2102 830 2187 copiarum,
862 2109 1005 2166 maxime
1027 2102 1193 2193 Hispanis,

55 2189 200 2253 adverso
231 2186 363 2253 flumine
393 2187 442 2248 ire
473 2186 534 2249 iter
566 2187 660 2251 unius
689 2187 753 2250 diei
778 2186 870 2251 iubet
896 2196 936 2265 et,
968 2188 1026 2253 ubi
1051 2191 1193 2275 primum

56 2277 171 2362 possit,
195 2295 294 2360 quam
309 2271 524 2339 occultissime
546 2273 681 2336 traiecto
704 2272 790 2336 amni
806 2272 1049 2338 circumducere
1064 2296 1192 2357 agmen,
1213 2285 1229 2333 3

55 2371 103 2444 ut,
128 2383 202 2425 cum
226 2382 244 2425 o
268 2382 307 2424 us
327 2357 414 2423 facto
437 2358 487 2441 sit,
510 2358 675 2423 adoriatur
689 2358 731 2422 ab
751 2367 843 2441 tergo
859 2358 980 2424 hostes.
1004 2359 1045 2422 ad
1068 2360 1102 2422 id
1127 2361 1192 2424 dati
1212 2373 1230 2420 4

55 2448 161 2512 duces
195 2444 226 2510 G
271 2446 282 2508 i
314 2445 453 2510 edocent
483 2443 560 2508 inde
589 2443 678 2508 milia
709 2443 852 2528 quinque
885 2453 917 2508 et
945 2446 1057 2528 viginti
1089 2445 1191 2510 ferme

53 2556 96 2598 su
121 2555 159 2596 ra
180 2553 304 2619 parvae
326 2529 450 2595 insulae
473 2530 704 2594 circumfusum
725 2552 854 2594 amnem
875 2528 998 2613 latiore,
1028 2529 1086 2595 ubi
1110 2531 1190 2595 divi-

53 2556 207 2701 dolatur,
238 2638 343 2703 eoque
374 2616 479 2681 minus
511 2614 576 2680 alto
606 2614 700 2681 alveo
731 2617 901 2680 transitum
929 2616 1111 2680 ostendere.
1144 2617 1224 2680 ibis

53 2707 176 2792 raptim
207 2725 304 2768 caesa
333 2703 469 2766 materia
498 2710 651 2786 ratesque
681 2700 866 2782 fabricatae,
898 2702 931 2763 in
964 2701 1082 2788 quibus
1116 2705 1191 2788 equi

54 2791 186 2876 virique
209 2788 327 2854 etalio
349 2808 449 2854 onera
469 2787 691 2852 traicerentur.
715 2787 853 2874 Hispani
871 2787 940 2851 sine
961 2787 1029 2853 ulla
1049 2787 1136 2854 mole
1157 2791 1191 2853 in

53 2886 146 2943 utres
177 2873 377 2942 vestimentis
410 2873 574 2955 coniectis,
611 2873 673 2960 ipsi
705 2874 821 2938 caetris
854 2875 1064 2961 superpositis
1100 2876 1189 2941 incu·
1198 2906 1237 2957 s

53 2962 182 3047 bantes,
208 2960 330 3027 flumen
356 2970 535 3025 tranavere.
568 2967 601 3023 et
627 2957 709 3023 alius
737 2960 897 3024 exercitus
924 2959 1048 3025 ratibus
1073 2962 1224 3028 iunctist

53 3049 220 3132 traiectus,
243 3047 356 3113 castris
378 3067 482 3133 prope
504 3044 625 3110 flumen
639 3046 762 3131 positis,
785 3055 943 3111 nocturno
959 3047 1074 3110 itinere
1091 3056 1188 3130 atque

51 3158 73 3200 o
99 3135 165 3200 eris
186 3131 301 3199 labore
322 3132 427 3197 fessus
452 3131 560 3216 quiete
581 3130 675 3195 unius
699 3130 764 3194 diei
786 3130 939 3213 reficitur,
963 3133 1084 3197 intento
1106 3133 1188 3197 duce

53 3158 96 3285 ad
120 3218 292 3286 eonsilium
325 3241 367 3306 op
392 3227 506 3283 ortune
538 3217 793 3301 exsequendum.
821 3227 953 3304 postero
977 3217 1029 3281 die
1051 3217 1225 3304 profecti?

51 3328 96 3372 ex
133 3305 209 3373 loco
248 3305 334 3370 edito
438 3324 456 3368 ο
488 3301 670 3385 significant
701 3305 855 3367 transisse
887 3312 920 3367 et
951 3303 1039 3367 haud
1073 3303 1189 3389 procul

55 3390 184 3458 abesse.
208 3390 297 3477 quod
319 3389 377 3455 ubi
399 3389 525 3474 accepit
545 3386 722 3470 Hannibal,
745 3411 786 3452 ne
809 3389 948 3475 tempori
971 3389 1109 3471 deesset,
1134 3389 1190 3454 dat

52 3480 182 3564 signum
218 3478 260 3541 ad
295 3475 520 3541 traiciendum.
557 3474 622 3538 iam
655 3483 785 3559 paratas
819 3484 1009 3561 aptatasque
1047 3474 1225 3540 habebatis

50 3565 156 3652 pedes
177 3563 302 3643 lintres,
326 3583 426 3649 eques
441 3559 511 3624 fere
526 3568 662 3646 propter
676 3582 777 3646 equos
799 3582 907 3624 naves.
924 3560 1057 3625 navium
1073 3583 1189 3645 agmen

51 3650 95 3716 ad
125 3649 358 3738 excipiendum
389 3646 519 3712 adversi
550 3646 707 3732 impeturn
737 3644 877 3711 fluminis
905 3654 998 3730 parte
1021 3648 1189 3733 superiore

49 3737 273 3803 transmittens
295 3731 561 3819 tranquillitatem
582 3731 666 3795 infra
687 3732 909 3797 traicientibus
933 3731 1081 3797 lintribus
1096 3756 1189 3819 prae·

51 3821 162 3890 bebat
186 3844 347 3909 equorum
368 3841 445 3906 pars
467 3839 585 3901 magna
607 3828 720 3884 nantes
744 3817 822 3884 loris
856 3840 877 3883 a
896 3817 1068 3906 puppibus
1086 3819 1202 3881 trabe-
1220 3834 1243 3878 s
