2738 4146
382 152 490 201 LIBER
508 153 578 201 XXI.
599 152 673 202 OAP.
692 153 733 203 20.
753 155 794 201 21.
813 150 848 220 [a.
867 152 900 202 U.
919 169 941 202 c.
960 150 1030 218 536]Ι
1229 139 1290 196 123

115 323 259 401 cognita:
276 325 599 409 praeoccupatosiam
614 333 685 385 ante
697 323 737 385 ab
751 322 932 385 Hannibale
944 321 1111 386 Gallorum
1121 326 1243 387 animos
1286 351 1288 355 ·

115 427 202 485 esse3
239 408 296 470 sed
320 429 360 469 ne
391 406 436 470 illi
459 409 589 493 quidem
620 411 680 493 ipsi
712 411 787 472 satis
810 411 919 472 mitem
951 418 1079 489 gentem
1110 408 1179 472 fore
1202 443 1242 453 -

115 493 199 556 adeo
215 491 336 556 ferocia
351 502 446 577 atque
468 494 623 556 indomita
644 496 772 574 ingenia
794 515 864 556 esse
882 529 933 574 -,
947 495 979 556 ni
995 493 1132 557 subinde
1155 515 1243 574 aum,

117 581 209 642 cuius
233 578 418 641 avidissima
439 599 518 658 gens
541 588 596 650 est,
620 581 800 664 principum
825 580 920 641 animi
942 577 1178 642 concilientur,
1200 581 1242 642 ita
1264 596 1280 643 9

141 664 296 744 eragratis
314 662 488 746 Hispaniae
499 662 687 748 Galliaeque
702 662 830 749 populis
847 662 942 745 legati
957 662 1092 727 Romam
1108 664 1244 726 redeunt

115 687 206 812 laud
237 750 282 811 ita
303 748 403 812 multo
426 758 499 833 post
532 771 628 834 quam
659 749 806 813 consules
839 751 871 811 in
902 751 1085 835 provincias
1108 749 1242 834 profecti

117 841 218 897 erant.
243 835 403 897 civitatem
420 855 546 897 omnem
562 837 785 919 expectatione
808 832 884 897 belli
900 843 1040 897 erectam
1054 836 1246 897 invenerunt

116 922 195 984 satis
218 928 383 982 constante
405 918 490 982 fama
511 921 574 982 iam
597 919 756 983 Hiberum
778 918 903 983 Poenos
927 922 1088 983 transisse.

122 1023 133 1076 ᾗ
221 1002 314 1064 XXl.
337 1002 499 1066 Hannibal
522 1003 663 1085 Sagunto
692 1014 784 1089 capto
809 1003 1035 1085 Carthaginem
1065 1026 1182 1069 novam
1212 1006 1278 1067 ini

118 1087 257 1152 hiberna
287 1099 492 1153 concesserat
527 1088 635 1174 ibique
666 1091 791 1165 auditis,
830 1111 912 1174 quae
943 1090 1065 1153 Romae
1097 1111 1244 1175 quaeque

118 1173 314 1252 Carthagine
337 1183 409 1237 acta
432 1174 624 1259 decretaque
647 1174 761 1254 forent,
785 1196 883 1260 seque
906 1197 971 1239 non
995 1176 1112 1239 ducem
1139 1173 1242 1238 solum

118 1258 177 1323 sed
202 1261 298 1323 etiam
322 1282 453 1324 causam
475 1281 547 1324 esse
571 1259 657 1339 belli,
687 1262 810 1347 partitis
843 1260 1078 1346 divenditisque
1101 1258 1242 1344 reliquiis
1263 1270 1278 1316 2

115 1345 259 1430 praedae
281 1344 360 1408 nihil
381 1345 467 1408 ultra
489 1344 702 1409 differendum
716 1355 805 1409 ratus
830 1345 963 1431 Hispani
978 1347 1107 1427 generis
1128 1345 1244 1409 milites

118 1439 286 1495 convocat.
321 1430 438 1513 „credo
462 1453 521 1512 ego
553 1431 630 1494 vos“
655 1433 765 1516 inquit,
801 1433 908 1512 „socii
941 1440 973 1494 et
993 1432 1080 1515 ipsos
1113 1445 1279 1494 cerneres

116 1519 241 1603 pacatis
264 1515 411 1580 omnibus
431 1515 606 1601 Hispaniae
628 1514 755 1602 populis
778 1525 834 1579 aut
853 1514 1027 1580 finiendam
1049 1514 1142 1580 nobis
1164 1514 1244 1579 mili-
1280 1555 1283 1558 ·

116 1604 195 1666 tiam
219 1603 442 1686 exercitusque
467 1601 671 1665 dimittendos
695 1623 766 1665 esse
789 1610 844 1664 aut
865 1603 898 1664 in
920 1600 998 1664 alias
1019 1610 1121 1664 terras
1143 1610 1244 1664 trans-

79 1726 92 1765 s
117 1685 288 1750 ferendum
310 1685 446 1750 bellum:
469 1689 514 1750 ita
528 1690 620 1750 ,enim
636 1687 697 1750 hae
720 1696 833 1768 gentes
849 1709 912 1751 non
933 1688 1022 1772 pacis
1046 1684 1159 1768 solum,
1184 1685 1243 1749 sed
1263 1702 1281 1751 4

117 1774 215 1836 etiam
237 1772 391 1836 victoriae
405 1771 498 1836 bonis
521 1771 690 1854 florebunt,
714 1774 740 1836 si
764 1793 806 1834 ex
828 1771 897 1836 aliis
919 1770 1067 1853 gentibus
1088 1770 1244 1857 praedam

118 1865 151 1920 et
173 1855 309 1938 gloriam
332 1878 533 1941 quaeremus.
565 1860 672 1942 itaque
696 1880 770 1921 cum
792 1856 966 1942 longinqua
988 1879 1007 1919 a
1029 1856 1125 1921 domo
1147 1858 1244 1920 instet
1262 1877 1278 1925 5

117 1940 230 2006 militia
250 1944 471 2028 incertumque
488 1945 535 2024 sit,
559 1942 687 2027 quando
711 1943 823 2006 domos
839 1953 962 2006 vestras
979 1951 1107 2026 atquae
1130 1943 1244 2026 cuique

118 2027 164 2091 ibi
188 2049 264 2092 cara
286 2036 359 2091 sunt
379 2029 479 2091 visuri
503 2030 578 2100 sitis,
603 2030 629 2091 si
652 2031 722 2112 quis
737 2036 881 2092 vestrum
904 2050 978 2091 suos
1001 2029 1142 2090 invisere
1164 2025 1241 2104 vult,

119 2122 336 2177 commeatum
358 2112 408 2176 do.
432 2115 536 2198 primo
552 2134 629 2176 vere
653 2113 744 2176 edico
761 2113 881 2183 adsitis.
906 2122 941 2176 ut
957 2113 1005 2176 dis
1029 2112 1111 2176 bene
1133 2114 1243 2175 iuvan-
1265 2135 1281 2182 a

117 2197 203 2261 tibus
219 2195 341 2261 bellum
355 2199 491 2279 ingentis
508 2196 630 2280 gloriae
645 2198 851 2284 praedaeque
867 2197 1008 2261 futurum
1023 2195 1241 2283 incipiamus.“

119 2282 268 2348 omnibus
290 2281 358 2345 fere
380 2283 506 2346 visendi
530 2284 641 2347 domos
666 2281 773 2347 oblata
794 2281 878 2347 ulno
898 2291 1039 2368 potestas
1062 2292 1154 2365 grata
1177 2291 1278 2354 erata

117 2378 149 2432 et
171 2371 236 2432 iam
268 2366 526 2432 desiderantibus
548 2390 623 2432 suos
647 2377 678 2431 et
700 2366 825 2450 longius
854 2371 886 2431 in
908 2367 1049 2431 futurum
1071 2367 1243 2453 providen-

116 2452 204 2517 tibus
222 2450 426 2516 desiderium.
449 2475 508 2538 per
523 2462 624 2517 totum
639 2463 765 2538 tempus
781 2451 893 2517 hiemis
910 2455 999 2537 quies
1019 2455 1101 2515 inter
1116 2450 1243 2516 labores
1263 2479 1279 2526 8

118 2548 174 2603 aut
195 2540 260 2602 iam
284 2536 457 2601 exhaustos
481 2547 536 2602 aut
557 2560 635 2603 mox
657 2537 892 2602 exlrauriendos
918 2539 1086 2601 renovavit
1108 2559 1244 2622 corpora

118 2625 309 2708 animosque
330 2621 372 2684 ad
400 2625 506 2687 omnia
537 2623 577 2686 de
609 2626 733 2705 integro
765 2624 926 2708 patienda.
957 2644 1036 2686 vere
1065 2624 1169 2709 primo
1202 2622 1244 2685 ad

118 2709 261 2773 edictum
283 2728 475 2772 convenere.

222 2789 394 2871 Hannibal,
429 2815 503 2856 cum
532 2794 748 2856 recensuisset
779 2795 919 2857 omnium
941 2795 1084 2871 gentium
1115 2791 1278 2872 auxiliata

120 2875 232 2942 Gades
254 2877 417 2963 profectus
440 2877 575 2942 Herculi
605 2887 682 2942 vota
709 2876 848 2942 exsolvit
876 2880 1033 2963 novisque
1064 2899 1099 2941 se
1122 2877 1243 2959 obligat

118 2964 213 3041 votis,
231 2963 258 3027 si
281 2971 389 3027 cetera
401 2985 559 3049 prospera
574 2964 765 3026 evenissent.
788 2963 864 3026 inde
878 2967 1019 3050 partiens
1033 2985 1126 3027 curas
1149 2962 1243 3027 simul
1262 2978 1294 3026 10

116 3050 149 3112 in
170 3045 374 3112 inferendum
390 3058 484 3133 atque
501 3049 676 3112 arcendum
692 3047 822 3127 bellum,
845 3071 896 3128 ne,
922 3049 999 3112 dum
1014 3051 1082 3135 ipse
1098 3051 1242 3111 terrestri

114 3154 176 3221 per
197 3131 388 3219 Hispaniam
404 3131 590 3218 Galliasque
605 3136 718 3197 itinere
733 3133 858 3197 ltaliam
885 3143 1019 3218 peteret,
1042 3134 1130 3197 nuda
1151 3155 1240 3219 aper-

114 3228 214 3304 taque
228 3215 380 3282 Romanis
397 3217 506 3282 Africa
521 3221 561 3282 ab
579 3217 687 3282 Sicilia
703 3229 796 3301 esset,
813 3218 920 3283 valido
936 3219 1096 3305 praesidio
1112 3218 1240 3282 firmare

115 3323 188 3367 eam
210 3304 328 3367 statuit.
360 3325 420 3389 pro
445 3325 483 3368 eo
507 3304 767 3391 supplementum
798 3308 867 3391 ipse
900 3327 943 3368 ex
964 3303 1077 3368 Africa
1099 3307 1239 3367 maxime
1259 3320 1290 3368 11

113 3386 336 3468 iaculatorum,
352 3386 470 3452 levium
487 3392 592 3470 armis,
615 3391 714 3475 petiit,
738 3400 773 3453 ut
788 3389 859 3453 Al‘ri
874 3393 906 3452 iu
921 3389 1087 3475 Hispania,
1106 3389 1239 3475 Hispani
1266 3450 1267 3453 ,

114 3474 147 3538 in
163 3472 284 3553 Africa,
308 3471 420 3537 melior
434 3473 548 3560 procul
565 3474 605 3539 ab
623 3476 718 3538 domo
733 3475 858 3539 futurus
874 3484 1009 3560 uterque
1025 3474 1126 3554 miles,
1149 3473 1239 3537 velut

114 3559 233 3623 mutuis
254 3557 442 3645 pignoribus
467 3557 607 3641 obligati,
631 3560 790 3645 stipendia
804 3561 957 3624 facerent.
981 3561 1136 3624 tredecim
1153 3559 1239 3624 milia
1260 3578 1292 3626 12

115 3645 315 3727 octingentos
339 3645 415 3728 quin
439 3647 568 3727 uaginta
596 3645 721 3730 pedites
745 3655 902 3709 caetratos
925 3648 1010 3709 misit
1040 3648 1072 3708 in
1095 3645 1239 3710 Africam

114 3737 147 3794 et
167 3727 347 3793 funditores
370 3667 515 3794 Balla-es
532 3733 731 3812 octingentos
748 3733 959 3817 septuaginta,
984 3734 1106 3816 equites
1122 3734 1239 3795 mixtos

113 3834 156 3878 ex
177 3812 286 3880 multis
309 3815 457 3897 gentibus
472 3812 558 3879 mille
582 3816 745 3879 ducentos.
770 3816 828 3881 has
851 3818 962 3903 copias
975 3818 1100 3902 partim
1108 3814 1250 3877 Harma·
1268 3833 1309 3874 rs
