2738 4146
320 119 431 170 urens
447 118 520 169 xx1.
539 119 615 170 oar.
634 121 675 170 rs.
695 122 736 170 ar.
756 118 793 188 [a.
813 119 845 170 n.
864 136 886 170 s.
906 118 979 189 sst.
1188 108 1248 165 127

57 293 208 360 delectos
232 293 356 378 equites
381 291 517 356 ducibus
540 290 796 358 Massiliensibus
821 302 853 356 et
867 291 1077 357 auxiliaribus
1094 290 1197 358 Gallis

58 382 145 445 ade
195 376 334 444 loranda
355 379 464 443 omnia
484 378 702 464 visendosque
725 401 767 442 ex
789 387 857 443 tuto
881 378 991 443 hostes
1036 382 1196 444 raemittit.

58 468 173 532 Hanni
197 463 229 530 al
252 465 368 529 ceteris
397 473 487 527 metu
513 472 569 528 aut
593 466 697 550 pretio
724 467 847 550 pacatis
873 466 939 528 ianr
965 467 997 528 in
1011 402 1236 530 Illolcarums

58 558 259 641 pervenerat
279 571 404 632 agrurn,
427 552 531 633 gentis
554 550 690 614 validae.
715 548 826 614 colunt
848 559 954 614 autem
976 553 1063 615 circa
1078 560 1196 615 utram·

56 661 126 727 que
148 641 253 725 ripam
279 635 442 716 Rhodani,
466 635 524 700 sed
548 635 645 700 diffisi
668 638 816 700 citeriore
832 657 910 720 agro
932 640 1036 701 arceri
1051 637 1196 702 Poenum

59 746 171 814 posse,
198 731 235 788 ut
261 721 382 786 flumen
407 744 467 809 pro
493 724 692 786 munimento
721 721 888 802 haberent,
918 722 1067 788 omnibus
1094 722 1197 788 ferme

57 815 128 877 suis
150 819 241 875 trans
264 808 459 873 Rhodanum
480 809 622 872 traiectis
644 807 829 873 ulteriorem
854 811 958 896 ripam
981 812 1083 874 amnis
1099 813 1197 874 armis
1219 828 1234 876 '1

56 895 261 964 obtinebant.
301 904 426 959 eeteros
463 892 591 959 accolas
628 893 768 960 fluminis
805 893 971 958 Hannibal
1016 903 1048 959 et
1085 917 1197 961 eorum

59 988 218 1072 ipsorum,
241 1002 324 1128 quos
347 979 442 1044 sedes
465 1001 543 1044 suae
565 989 743 1059 tenuerant,
772 978 867 1045 simul
889 979 1017 1068 perlicit
1039 981 1131 1046 donis
1155 982 1198 1044 ad

59 1091 164 1134 naves
192 1089 238 1132 un
263 1068 339 1153 ique
371 1064 607 1131 contrahendas
641 1066 922 1152 fabricandasque,
955 1065 1049 1131 simul
1078 1075 1110 1130 et
1136 1070 1198 1154 ipsi

58 1156 154 1220 traici
188 1154 371 1217 exercitum
401 1149 568 1236 levarique
605 1173 702 1237 quam
733 1154 873 1238 primurn
906 1156 1073 1235 regionem
1105 1177 1198 1218 suam

59 1250 151 1306 tanta
173 1239 339 1304 hominum
361 1246 496 1319 urgente
518 1237 615 1302 turba
629 1237 810 1325 cupiebant.
834 1240 942 1323 itaque
956 1242 1069 1321 ingens
1085 1249 1198 1304 coacta
1218 1258 1234 1306 8

60 1330 110 1392 vis
133 1328 266 1391 navium
289 1332 339 1388 est
359 1321 566 1410 lintriumque
588 1333 710 1387 temere
734 1324 775 1388 ad
798 1324 969 1388 vicinalem
991 1348 1085 1389 usum
1102 1348 1195 1411 para-

57 1424 184 1494 tarum;
221 1432 322 1475 novas
346 1431 387 1473 ue
420 1407 498 1472 alias
547 1411 664 1474 rimum
698 1408 785 1473 Galli
816 1409 1005 1475 incohantes
1037 1410 1198 1476 cavabant

57 1521 106 1563 ex
136 1496 271 1581 singulis
302 1518 338 1560 ar
364 1493 483 1576 oribus,
523 1434 639 1559 deinde
672 1504 705 1560 et
734 1497 796 1582 ipsi
826 1494 944 1560 milites
975 1496 1070 1561 simul
1103 1519 1141 1562 co
1165 1500 1231 1562 iat

60 1586 217 1650 materiae
240 1580 334 1646 simul
356 1579 507 1646 facilitate
529 1583 636 1668 operis
657 1581 781 1646 inducti
800 1580 909 1646 alveos
924 1580 1088 1665 informes,
1104 1522 1195 1667 nilll,

59 1668 240 1736 dummodo
262 1670 375 1732 innare
401 1688 506 1753 aquae
537 1675 569 1730 et
595 1688 713 1754 capere
741 1689 840 1732 onera
865 1677 1008 1755 possent,
1036 1678 1195 1743 curantes,

58 1759 189 1845 raptim,
234 1753 330 1819 uibus
352 1774 387 1818 se
410 1774 533 1839 suaque
555 1751 810 1833 transveherent,
833 1751 1004 1818 faciebant.

145 1777 293 1906 xxl'ss.
308 1838 445 1925 lamque
459 1838 607 1903 omnibus
623 1840 700 1903 satis
715 1839 909 1926 comparatis
926 1839 967 1903 ad
982 1839 1197 1905 traiciendum
1216 1848 1230 1895 1

58 1927 230 1993 terrebant
245 1949 288 1990 ex
301 1925 439 1990 adverso
454 1923 564 1989 hostes
583 1946 712 1989 omnem
728 1929 833 2012 ripam
849 1927 974 2011 equites
990 1926 1114 2011 virique
1139 1925 1195 1992 ob-

60 2016 209 2079 tinentes.
243 2034 325 2098 quos
347 2019 384 2076 ut
409 2019 579 2090 averteret,
615 2010 818 2091 Hannonem,
855 2010 1046 2076 Bomilcaris
1083 2010 1230 2094 filium,2

57 2099 172 2185 vigilia
191 2098 299 2187 prima
319 2097 422 2163 noctis
445 2118 519 2161 cum
540 2106 633 2183 pa1te
656 2119 693 2161 co
719 2098 831 2178 iarum,
864 2105 1006 2162 maxime
1029 2098 1194 2189 Hispanis,

55 2186 201 2251 adverso
232 2182 364 2249 flumine
394 2183 442 2244 ire
474 2183 535 2246 iter
566 2183 661 2247 unius
690 2121 753 2246 diei
779 2182 871 2247 iubet
897 2193 937 2260 et,
969 2183 1027 2249 ubi
1053 2187 1194 2271 primum

57 2274 172 2359 possit,
196 2292 295 2357 quam
310 2267 525 2335 occultissime
547 2269 682 2333 traiecto
705 2269 791 2333 amni
807 2269 1050 2334 circumducere
1065 2293 1193 2353 agmen,
1213 2281 1230 2329 3

56 2368 103 2443 ut,
128 2380 203 2424 cum
226 2379 245 2422 o
269 2378 308 2421 us
329 2353 415 2420 facto
438 2354 488 2438 sit,
512 2354 676 2419 adoriatur
690 2354 733 2418 ab
752 2364 845 2438 tergo
861 2355 981 2420 hostes.
1005 2356 1046 2419 ad
1069 2356 1101 2418 id
1127 2356 1193 2420 dati
1214 2370 1230 2417 4

56 2445 162 2510 duces
196 2380 284 2507 Galli
315 2441 455 2506 edocent
484 2439 562 2504 inde
590 2439 679 2505 milia
711 2440 853 2526 quinque
886 2450 918 2505 et
947 2442 1058 2524 viginti
1090 2441 1192 2507 ferme

54 2554 96 2596 su
120 2552 160 2594 ra
180 2550 305 2617 parvae
326 2526 451 2592 msulae
473 2526 705 2591 circumfusum
727 2549 855 2591 amnem
877 2524 1000 2609 latiore,
1030 2526 1087 2590 ubi
1111 2527 1191 2590 divi·

53 2554 209 2698 debatur,
240 2634 345 2699 eoque
375 2613 481 2677 minus
513 2610 576 2677 alto
607 2610 701 2677 alveo
732 2613 903 2677 transitum
930 2613 1112 2677 ostendere.
1145 2614 1225 2677 ibis

54 2705 177 2790 raptim
208 2721 305 2765 caesa
333 2699 471 2764 materia
499 2706 652 2784 ratesque
682 2696 867 2778 fabricatae,
899 2698 932 2760 in
966 2699 1084 2785 quibus
1117 2701 1193 2785 equi

55 2789 187 2874 virique
210 2795 244 2851 et
263 2785 328 2851 alia
350 2805 451 2851 onera
471 2784 692 2856 traicerentur.
716 2783 855 2871 Hispani
872 2784 940 2848 sine
961 2783 1030 2850 ulla
1051 2784 1137 2851 mole
1159 2787 1192 2850 in

54 2884 146 2940 utres
178 2871 378 2939 vestimentis
411 2870 575 2952 coniect‘s,
612 2870 675 2957 ipsi
706 2871 822 2934 caetris
855 2872 1065 2957 superpositis
1102 2873 1190 2937 ineu·
1199 2906 1250 2953 ,4-

54 2960 182 3044 bantqs,
209 2957 331 3024 flumen
357 2967 537 3022 tranavere.
570 2964 602 3020 et
628 2953 710 3020 alius
738 2957 898 3021 exercitus
926 2956 1050 3022 ratibus
1075 2954 1225 3025 iunctisli

54 3047 221 3128 traiectus,
244 3043 358 3109 castrIs
379 3063 483 3130 prope
505 3040 626 3106 flumen
640 3043 764 3128 positis,
787 3052 944 3107 nocturno
960 3043 1076 3107 itinere
1092 3054 1190 3127 atque

52 3155 74 3198 o
100 3132 165 3197 eris
187 3129 302 3196 labore
323 3129 429 3193 fessus
453 3128 561 3214 quiete
582 3127 677 3192 unius
701 3127 765 3190 diei
787 3128 941 3210 reficitur,
965 3130 1085 3194 intento
1108 3129 1190 3193 duce

54 3156 97 3282 al
121 3215 293 3284 consilium
326 3238 368 3302 op
393 3223 507 3280 ortune
539 3213 794 3298 exsequendum.
822 3224 954 3301 postero
979 3214 1030 3278 die
1053 3214 1226 3300 profectis

51 3326 97 3369 ex
134 3303 210 3370 loeo
249 3302 336 3368 edito
438 3321 458 3365 o
490 3299 672 3383 significant
702 3302 856 3364 transisse
889 3309 921 3365 et
953 3299 1041 3364 haud
1075 3298 1190 3386 procul

56 3388 184 3455 abesse.
210 3387 298 3475 quod
320 3386 379 3453 ubi
400 3386 526 3473 accepit
546 3384 724 3467 Hannibal,
746 3408 788 3449 ne
810 3387 949 3473 tempori
973 3386 1111 3469 deesset,
1135 3386 1191 3449 dat

53 3478 183 3562 signum
219 3475 262 3538 ad
297 3471 522 3539 traiciendum.
558 3472 624 3535 iam
656 3481 786 3558 paratas
820 3482 1011 3559 aptatasque
1047 3471 1226 3536 habebat8

51 3562 156 3650 pedes
178 3560 303 3641 linues,
327 3581 428 3647 eques
442 3557 512 3621 fere
527 3566 663 3643 propter
678 3579 779 3644 equos
800 3580 909 3622 naves.
926 3558 1058 3622 navium
1074 3580 1191 3641 agmen

52 3648 96 3714 ad
126 3647 359 3735 excipiendum
390 3643 520 3709 adversi
551 3643 708 3729 impetum
738 3642 878 3708 fluminis
907 3653 999 3729 parte
1023 3644 1190 3729 superiore

50 3736 275 3801 transmittens
297 3728 562 3817 tranquillitatem
583 3728 667 3791 infra
688 3730 911 3794 traicientibus
934 3728 1082 3793 lintribus
1097 3752 1190 3816 prae·

51 3819 162 3887 bebat
188 3840 348 3906 equorum
369 3838 447 3903 pars
468 3836 587 3897 magna
608 3824 722 3879 nantes
745 3814 822 3879 loris
857 3838 877 3879 a
898 3814 1061 3901 puppibus
1084 3815 1192 3878 trahe·
1213 3833 1232 3880 s
