2738 4146
87 151 109 206 4
508 165 617 214 LIBER
635 165 656 216 Ι.
693 164 767 214 CAP.
787 168 811 215 2.
830 167 854 214 3.

142 335 275 403 Etruria
298 349 375 417 erat,
400 351 436 404 ut
458 342 522 421 iam
545 362 609 402 non
631 350 735 402 terras
759 335 863 400 solum
886 336 945 399 sed
974 357 1063 398 mare
1089 337 1184 398 etiam
1209 358 1273 420 per

142 431 243 487 totam
267 426 381 490 Italiae
404 426 638 511 longitudinem
661 425 703 489 ab
727 423 869 508 Alpibus
901 423 942 485 ad
973 421 1091 485 fretum
1123 421 1270 486 Siculum

144 508 231 573 fania
253 515 390 576 nominis
414 515 463 575 sui
486 511 651 598 inplesset,
684 521 802 586 tamen,
838 531 910 573 cum
943 508 1115 572 moenibus
1147 507 1269 572 bellum

109 597 339 682 epropulsare
362 609 485 683 posset,
508 599 540 661 in
563 600 667 661 aciem
692 597 800 681 copias
830 595 951 658 eduxit.
990 596 1169 658 secundum
1193 595 1269 658 inde

144 683 303 765 proelium
327 684 460 762 Latinis,
484 685 616 747 Aeneae
640 685 735 747 etiam
758 681 907 745 ultimum
931 680 1115 743 mortalium
1132 703 1268 763 operum

144 767 213 831 fuit.
238 771 316 833 situs
341 780 398 852 est,
424 792 661 857 quemcumque
686 791 757 832 eum
783 768 846 830 dici
868 769 917 830 ius
939 767 1054 852 fasque
1079 778 1136 849 est,
1171 789 1272 850 super

144 852 314 918 Numicum
339 855 625 938 fluvium310vem
648 855 824 937 indigetem
848 851 1023 938 appellant.

109 954 124 1002 1
246 941 306 1003 ΙΙΙ.
331 941 483 1006 Nondum
506 952 651 1004 maturus
673 940 809 1025 imperio
827 939 995 1019 Ascanius,
1018 938 1151 1002 Aeneae
1172 938 1269 1019 filius,

145 1036 230 1106 erat3
263 1037 372 1091 tamen
394 1027 426 1090 id
452 1028 623 1110 imperium
648 1027 677 1090 ei
700 1027 740 1088 ad
763 1024 920 1109 puberem
944 1034 1083 1087 aetatem
1106 1025 1269 1088 incolume

145 1113 276 1193 mansit,
309 1114 466 1198 tantisper
487 1112 590 1177 tutela
604 1111 752 1175 muliebri
769 1147 811 1156 —
826 1120 914 1173 tanta
929 1110 1054 1174 indoles
1077 1112 1108 1173 in
1132 1111 1269 1173 Lavinia

145 1208 216 1260 erat
229 1235 260 1242 —
276 1221 327 1261 res
338 1199 454 1264 Latina
463 1209 496 1264 et
510 1222 645 1282 regnum
662 1198 784 1266 avitum
799 1207 1035 1281 paternumque
1050 1220 1151 1282 puero
1169 1199 1268 1260 stetit.

111 1282 233 1346 ahaud
256 1284 419 1368 ambigam
442 1323 482 1331 -
508 1289 579 1371 quis
602 1286 687 1348 enim
719 1305 789 1346 rem
821 1292 887 1345 tam
917 1295 1060 1346 veterem
1095 1305 1153 1367 pro
1178 1296 1268 1346 certo

144 1368 317 1433 adfirmet?
340 1408 390 1453 -,
415 1370 522 1434 hicine
544 1371 640 1434 fuerit
667 1370 834 1449 AscaninS,
866 1391 906 1431 an
938 1370 1041 1431 maior
1072 1390 1169 1454 quam
1202 1369 1265 1442 hic,

145 1453 270 1519 Creusa
292 1466 395 1520 matre
418 1455 477 1520 llio
501 1455 655 1520 incolumi
676 1465 771 1519 natus
795 1475 970 1540 comesque
1003 1455 1078 1517 inde
1111 1466 1269 1539 paternae

144 1540 250 1622 fugae,
275 1564 372 1627 quem
395 1542 500 1605 lulum
530 1543 669 1606 eundem
700 1540 785 1604 Iulia
818 1563 897 1624 gens
930 1550 1095 1604 auctorem
1128 1541 1268 1604 nominis

104 1645 121 1692 3
144 1628 193 1689 sui
216 1637 391 1710 nuncupat.
415 1629 441 1691 is
464 1628 634 1709 Ascanius,
659 1627 856 1712 ubicumque
880 1636 912 1689 et
934 1648 1141 1711 quacumque
1164 1639 1267 1688 matre

142 1714 270 1795 genitus
293 1749 335 1759 -
358 1723 446 1777 certe
470 1723 578 1775 natum
596 1714 710 1776 Aenea
732 1723 858 1775 constat
873 1749 924 1793 -,
949 1711 1134 1777 abundante
1150 1713 1267 1774 Lavini

142 1798 348 1861 multitudine
371 1798 540 1863 florentem
564 1802 637 1879 iam,
662 1809 697 1862 ut
719 1808 786 1861 tum
812 1821 864 1862 res
888 1808 988 1878 erant,
1011 1810 1109 1883 atque
1133 1797 1265 1883 opulen-

141 1892 208 1946 tam
232 1882 347 1947 urbem
371 1887 465 1946 matri
488 1906 547 1948 sen
568 1906 727 1949 novercae
750 1883 890 1967 reliquit,
917 1906 1035 1946 novam
1067 1886 1138 1968 ipse
1171 1884 1266 1946 aliam

145 1968 205 2032 sub
230 1968 358 2032 Albano
381 1980 491 2034 monte
514 1970 669 2054 condidit,
694 1992 776 2056 quae
797 1970 838 2032 ab
855 1971 919 2032 situ
933 1980 1103 2054 porrectae
1118 1972 1150 2032 in
1169 1971 1268 2034 dorso

107 2054 234 2118 4urbis
256 2055 373 2138 Longa
395 2055 481 2119 Alba
504 2055 676 2141 appellata.
700 2059 784 2120 inter
802 2056 973 2119 Lavinium
999 2067 1030 2120 et
1047 2056 1164 2120 Albam
1180 2057 1265 2120 Lon·

143 2163 218 2224 gam
254 2140 410 2204 coloniam
449 2143 624 2206 deductam
660 2143 791 2225 triginta
827 2141 929 2205 ferme
966 2142 1141 2206 interfuere
1180 2143 1264 2205 anni.

142 2237 266 2289 tantum
290 2236 399 2291 tamen
422 2249 502 2313 opes
526 2233 696 2292 creverant
718 2228 857 2290 maxime
879 2228 960 2291 susis
983 2228 1137 2302 Etruscis„
1167 2239 1269 2292 utne

142 2325 247 2376 morte
271 2313 403 2398 quidem
418 2315 562 2395 Aeneae,
585 2336 645 2378 nec
669 2314 787 2377 deinde
810 2314 894 2376 inter
915 2312 1106 2377 muliebrem
1130 2313 1264 2376 tutelam

141 2398 427 2484 rudimentumque
459 2402 598 2484 primum
629 2399 762 2486 puerilis
793 2399 884 2482 regni
914 2422 1047 2464 movere
1085 2424 1173 2463 arma
1210 2411 1268 2463 aut

107 2483 323 2548 oblezentius
346 2486 542 2571 Etruscique
565 2495 622 2549 ant
642 2486 700 2550 ulli
724 2485 776 2548 alii
800 2485 929 2548 accolae
952 2489 1021 2550 ausi
1045 2487 1117 2549 sint.
1141 2509 1206 2571 pax
1221 2489 1266 2549 ita

142 2581 347 2653 convenerat,
364 2581 400 2635 nt
415 2572 561 2636 Etruscis
575 2572 766 2659 Latinisque
781 2570 899 2635 fluvius
915 2569 1045 2645 Albula,
1068 2595 1164 2657 quem
1180 2596 1266 2636 nunc

105 2656 285 2722 6Tiberim
308 2666 435 2739 vocant,
458 2657 530 2720 finis
554 2668 648 2721 esset.
687 2658 807 2722 Silvius
831 2659 949 2721 deinde
972 2670 1097 2742 regnat,
1132 2659 1266 2722 Ascanii

105 2763 120 2810 τ
139 2741 234 2822 filius,
259 2765 337 2805 casn
361 2743 500 2829 quodam
518 2744 550 2804 in
567 2743 656 2806 silvis
672 2753 776 2808 natus.
800 2745 826 2807 is
842 2744 989 2807 Aeneam
1008 2745 1144 2807 Silvium
1161 2757 1267 2825 creat,

139 2828 166 2890 is
191 2828 307 2891 deinde
329 2828 482 2892 Latinum
505 2827 652 2892 Silvium.
675 2827 716 2892 ab
740 2852 778 2893 eo
795 2829 940 2893 coloniae
957 2830 1079 2915 aliquot
1094 2831 1264 2911 deductae,

101 2913 241 2984 8Prisci
264 2914 372 2977 Latini
399 2913 563 2998 appellati.
595 2917 711 2978 mansit
734 2914 841 2979 Silviis
871 2925 985 3000 postea
1008 2916 1161 2979 omnibus¹
1190 2940 1265 3000 cog·

136 3021 263 3070 nomen,
297 3002 351 3084 qui
385 3000 489 3062 Albae
513 3011 741 3084 regnaverunt.
780 3002 896 3065 Latino
928 3002 1016 3065 Alba
1047 3013 1146 3078 crtus,
1178 3003 1266 3067 Alba

138 3085 230 3168 Atys,
262 3084 350 3170 Atye
374 3084 493 3170 Capys,
527 3083 639 3171 Capye
664 3087 815 3169 Capetus,
849 3085 973 3173 Capeto
997 3088 1179 3164 Tiberinus,
1210 3091 1266 3174 qui

137 3172 169 3233 in
192 3172 329 3234 traiectu
357 3170 498 3236 Albulae
529 3173 633 3236 amnis
665 3173 852 3236 submersus
884 3174 1012 3237 celebre
1045 3175 1086 3236 ad
1118 3187 1268 3256 posteros

102 3279 253 3329 9n0meu
286 3256 411 3319 flumini
445 3258 544 3320 dedit.
591 3260 740 3343 Agrippa
771 3260 854 3333 inde,
887 3259 1030 3323 Tiberini
1058 3259 1153 3341 filius,
1191 3269 1268 3344 post

137 3343 316 3426 Agrippam
340 3342 497 3407 Romulus
521 3342 640 3408 Silvius
664 3355 797 3429 epatre
821 3355 954 3430 accepto
978 3348 1113 3430 imperio
1137 3355 1263 3430 regnat.

137 3430 299 3491 Aventino
321 3429 453 3492 fulmine
477 3431 547 3514 ipse
569 3432 653 3493 ictus
676 3453 811 3514 regnum
840 3454 900 3514 per
922 3454 1035 3493 manus
1057 3434 1198 3497 tradidit.
1238 3434 1268 3496 is

137 3515 282 3598 sepultus
305 3516 336 3576 in
361 3537 398 3578 e0
423 3514 515 3590 colle,
539 3518 594 3602 qui
617 3539 701 3579 nunc
725 3539 799 3600 pars
816 3517 979 3580 Romanae
1003 3519 1166 3600 esturbis,
1190 3541 1265 3602 cog-

82 3614 118 3661 v10
136 3622 253 3663 nomen
279 3599 350 3663 colli
374 3601 459 3664 fecit.
484 3602 588 3665 Proca
612 3602 728 3666 deinde
751 3613 873 3685 regnat.
898 3605 924 3666 is
948 3603 1149 3668 Numitorem
1167 3616 1267 3690 atque

135 3686 302 3749 Amulium
326 3699 490 3769 p1·0creat;
515 3688 686 3769 Numitori,
711 3691 764 3772 qui
789 3689 895 3773 stirpis
919 3692 1080 3753 maximus
1097 3702 1175 3771 erat,
1193 3715 1265 3775 reg-

89 3848 92 3853 Α
130 3795 211 3832 num
237 3783 401 3835 vetustum
425 3772 544 3837 Silviae
575 3776 681 3855 gentis
704 3774 800 3858 legat.
834 3775 907 3859 plus
939 3785 1046 3839 tamen
1078 3780 1126 3841 vis
1159 3781 1266 3863 potuit

113 3873 218 3930 quam
244 3857 400 3937 Voluntas
420 3861 528 3944 patris
561 3869 621 3925 aut
650 3861 850 3926 verecundia
880 3863 1003 3925 aetatis.
1040 3862 1134 3946 pulso
1166 3865 1268 3928 fratre
1294 3915 1297 3923 .
