2738 4146
324 134 434 184 ursan
450 135 536 184 xxn.
555 135 631 184 car.
650 139 692 185 aa.
710 139 750 184 24.
771 134 806 202 [a.
824 136 857 185 υ.
876 153 898 186 0.
916 137 985 205 aaut
1209 124 1268 182 177

92 309 265 370 maximam
292 304 422 369 laudem
449 325 555 368 verso.
578 305 610 366 in
633 307 857 389 permutandis
885 307 1031 389 captivis,
1061 307 1148 391 quod
1172 309 1249 371 sico

91 394 195 474 primo
229 392 353 454 Punico
385 388 471 452 bello
503 389 625 452 facturn
659 402 739 469 erat,
779 406 975 455 convenerat
1006 393 1089 456 inter
1118 393 1218 456 duces

90 479 274 542 Romanum
306 476 528 560 Poenumque,
560 486 596 539 ut
630 497 714 560 qnae
743 499 818 560 pars
842 474 915 562 plus
937 478 1098 559 reciperet
1121 500 1218 561 quam

90 564 196 640 daret,
220 561 345 645 argenti
371 561 480 644 pondo
503 559 581 623 bina
604 572 636 623 et
660 559 795 624 selibras
818 563 852 624 in
876 559 1011 624 militem
1027 574 1218 645 praestaret.

90 648 241 712 ducentis
275 646 489 732 quadraginta
521 655 647 730 septem
680 668 754 709 curn
786 646 896 730 plures
928 646 1092 710 Romanus
1121 663 1252 733 quamt

37 727 51 742 ²
88 734 220 797 Poenus
242 732 431 817 recepisset,
448 742 682 817 argentumque
697 753 756 816 pro
774 736 819 795 eis
834 731 978 795 debiturn
992 755 1089 816 saepe
1101 733 1219 796 iactata

87 821 122 882 in
145 827 261 881 senatu
283 840 329 896 re,
358 818 510 902 quoniam
532 827 596 879 non
619 817 835 880 consuluisset
858 829 976 901 patres,
999 820 1124 881 tardius
1148 840 1217 881 ero·
1240 834 1256 882 8

89 914 234 987 geretur,
266 901 456 966 inviolatum
488 901 528 964 ab
561 900 655 964 hoste
679 925 792 986 agrum
815 904 913 966 misso
937 902 1072 966 Romam
1098 902 1218 982 Quinto

89 989 158 1054 filio
181 988 331 1052 vendidit
353 987 517 1073 fidemque
539 985 703 1071 publicam
734 988 887 1073 inpendio
916 990 1042 1071 privato
1068 988 1217 1052 exsolvit.

196 1072 360 1137 Hannibal
393 1094 451 1156 pro
486 1070 640 1136 Gereonii
671 1074 851 1156 moenibus,
876 1073 966 1136 cuius
989 1073 1079 1136 urbis
1104 1086 1253 1159 captaett

89 1169 190 1244 atque
223 1160 373 1222 incensae
405 1156 446 1221 ab
470 1179 506 1221 se
527 1158 559 1220 in
582 1178 677 1221 usum
699 1157 892 1221 horreorum
916 1181 1019 1243 pauca
1042 1157 1219 1244 reliquerat

89 1255 189 1325 tecta,
207 1244 241 1306 in
256 1243 382 1306 stativis
399 1251 478 1306 erat.
494 1242 569 1306 inde
581 1243 810 1306 frumentatum
829 1243 909 1306 duas
928 1245 1089 1308 exercitus
1106 1257 1217 1329 partes
1239 1263 1271 1312 ιο

90 1329 258 1408 mittebar,
292 1350 366 1392 cum
388 1329 494 1392 'tertia
524 1329 594 1412 ipse
627 1329 781 1411 expedita
813 1330 846 1392 in
870 1331 1007 1393 statione
1032 1339 1101 1393 erat
1125 1329 1219 1394 simul

37 1439 40 1446 ·
89 1416 208 1479 castris
247 1414 411 1499 praesidio
449 1423 482 1477 et
514 1416 799 1497 circumspectans,
833 1415 981 1478 necunde
1013 1416 1155 1500 impetus
1186 1418 1220 1479 in

87 1501 343 1564 frumentatores
365 1498 467 1561 fieret.
1217 1504 1219 1508 ‘

198 1584 327 1649 XXIV.
351 1584 515 1647 Romanus
540 1593 615 1647 tnnc
639 1585 802 1647 exercitus
825 1585 858 1645 in
881 1605 958 1666 agro
981 1583 1127 1648 Larinati
1144 1596 1220 1649 erat.
1240 1595 1254 1641 1

90 1680 249 1756 praeerat
286 1670 447 1732 Minucius
484 1671 639 1751 magister
672 1670 814 1752 equitum
846 1668 1003 1752 profecto,
1035 1672 1118 1734 sicut
1149 1683 1222 1734 ante
1255 1716 1257 1719 -

90 1757 221 1821 dictum
253 1765 312 1837 est,
347 1754 389 1818 ad
420 1753 535 1818 urbem
568 1753 735 1832 dictatore.
769 1762 912 1817 ceterum
940 1764 1055 1837 castra,
1084 1777 1167 1839 quae
1190 1757 1254 1818 ina

88 1852 204 1906 monte
241 1841 307 1904 alto
347 1862 385 1904 ac
417 1848 486 1903 tuto
519 1838 590 1902 loco
621 1840 728 1922 posita
759 1839 896 1916 fuerant,
927 1839 990 1900 iarn
1024 1839 1056 1903 in
1087 1838 1219 1924 planum

90 1927 300 2007 deferuntur3
333 1925 604 2008 agitabanturque
635 1946 695 2009 pro
724 1925 851 2006 ingenio
876 1924 967 1987 ducis
990 1924 1123 1988 consilia
1146 1925 1219 1988 cali-

90 2014 196 2093 diora,
220 2021 257 2075 ut
279 2013 419 2095 impetus
443 2011 552 2073 autin
575 2010 824 2074 frumentatores
847 2009 974 2094 palatos
997 2013 1099 2075 autin
1115 2022 1220 2076 castra

88 2097 207 2163 relicta
239 2118 312 2160 cum
343 2094 408 2160 levi
442 2095 603 2179 praesidio
634 2095 738 2158 fieret.
772 2117 833 2160 nec
864 2095 1081 2160 Hannibalem
1108 2096 1257 2160 fefellita

89 2207 169 2249 cum
202 2183 285 2246 duce
318 2190 474 2244 mutatam
507 2202 577 2244 esse
606 2179 684 2243 belli
711 2181 881 2259 rationem,
906 2192 938 2244 et
959 2181 1099 2246 ferocius
1124 2205 1220 2268 quam

89 2267 273 2334 consultius
295 2290 365 2330 rem
388 2267 498 2329 hostes
522 2274 680 2349 gesturos.
705 2267 775 2350 ipse
798 2276 905 2329 autem
930 2302 970 2311 —
988 2267 1073 2350 quod
1090 2269 1255 2331 minimas

89 2356 167 2440 quis
191 2353 342 2421 crederet
362 2388 415 2432 -,
444 2373 517 2414 cum
541 2350 643 2413 hostis
665 2352 800 2433 propius
825 2360 919 2431 esset,
943 2354 1073 2415 tertiam
1095 2364 1220 2435 partem

88 2439 234 2506 militum
255 2438 487 2502 frumentatum
511 2435 636 2500 duabus
659 2437 693 2499 in
709 2438 822 2498 castris
838 2437 971 2499 retentis
988 2437 1121 2516 dimisit,
1146 2437 1220 2500 dein

90 2533 202 2590 castra
231 2525 303 2608 ipsa
334 2523 471 2608 propius
503 2521 632 2586 hostem
664 2522 767 2585 movit
798 2520 862 2584 duo
890 2521 990 2584 ferme
1014 2543 1033 2582 a
1057 2521 1256 2586 Gereonioo

88 2609 184 2676 milia
210 2610 244 2672 in
270 2608 429 2672 tumulum
457 2606 543 2670 hosti
571 2616 790 2690 conspectum,
817 2616 854 2671 ut
881 2607 1036 2669 intentum
1065 2630 1100 2670 se
1124 2610 1220 2671 sciret

89 2718 168 2762 esse
199 2695 241 2758 ad
273 2694 533 2765 frumentatores,
561 2693 588 2756 si
616 2715 681 2777 qua
701 2694 751 2755 vis
774 2693 877 2774 fieret,
900 2693 1062 2756 tutandos.
1087 2695 1253 2778 propiore

87 2782 171 2847 inde
204 2781 234 2843 ei
265 2789 362 2864 atque
394 2779 473 2862 ipsis
506 2779 675 2841 imminens
698 2778 917 2842 Romanorum
941 2778 1055 2842 castris
1078 2779 1220 2842 tumulus

90 2867 261 2952 apparuit3
294 2865 336 2946 ad
368 2887 465 2949 quem
499 2864 694 2947 capiendum
725 2866 752 2927 si
778 2865 851 2927 lnce
879 2863 986 2949 palam
1009 2867 1119 2943 iretur,
1145 2867 1220 2950 quia

88 2952 184 3018 haud
219 2949 327 3033 dubie,
349 2949 451 3013 hostis
483 2948 635 3013 breviore
666 2950 720 3014 via
751 2960 985 3034 praeventurus
1019 2959 1097 3032 erat,
1125 2960 1219 3012 nocte

90 3037 178 3104 clam
194 3037 284 3100 missi
298 3035 459 3099 Numidae
476 3051 641 3119 ceperunt.
658 3056 740 3118 quos
756 3043 903 3098 tenentes
918 3034 1024 3098 locum
1036 3045 1220 3117 contempta
1240 3054 1253 3099 7

89 3124 259 3225 paucitate
281 3121 419 3185 Romani
443 3130 574 3205 postero
598 3121 651 3183 die
674 3142 746 3183 cum
763 3118 967 3192 deiecissent,
985 3121 1046 3202 ipsi
1063 3142 1099 3182 eo
1116 3131 1219 3180 trans·

89 3216 204 3274 terunt
235 3218 351 3271 castra.
384 3217 452 3269 tum
482 3206 594 3290 utique
627 3207 781 3288 exiguum
813 3205 910 3287 spatii
940 3203 1059 3267 vallum
1088 3226 1107 3266 a
1134 3203 1256 3272 vallos

91 3295 219 3372 aberat,
244 3303 276 3357 et
298 3293 332 3355 id
355 3293 462 3377 ipsum
484 3300 588 3354 toturn
611 3313 715 3376 prope
739 3287 947 3372 conpleverat
961 3289 1107 3351 Romana
1122 3291 1217 3351 acies.

91 3377 191 3444 simul
215 3388 247 3444 et
269 3400 329 3464 per
352 3399 467 3440 aversa
490 3398 508 3438 a
531 3379 643 3440 castris
666 3372 857 3437 Hannibalis
882 3375 1042 3458 equitatus
1066 3396 1138 3438 cum
1154 3373 1219 3436 levi

91 3475 261 3530 armatura
292 3465 428 3527 emissus
459 3463 492 3525 in
518 3462 767 3526 frumentatores
794 3456 859 3522 late
888 3460 1020 3523 caedem
1042 3457 1218 3544 fugamque

90 3551 237 3616 hostium
270 3548 453 3635 palatorum
483 3546 569 3611 fecit.
597 3568 657 3610 nec
684 3545 751 3607 acie
776 3555 900 3608 certare
922 3544 1087 3608 Hannibal
1110 3566 1254 3627 ausus,s

92 3639 172 3724 quia
202 3644 294 3700 tanta
319 3635 483 3718 paucitate
510 3668 553 3679 —
582 3654 655 3693 nam
678 3651 754 3715 pars
778 3631 940 3694 exercitus
963 3628 1076 3693 aberat
1100 3665 1138 3676 -
1163 3631 1220 3694 vix

92 3734 212 3805 castra,
250 3721 277 3784 si
314 3727 589 3804 oppugnarentur,
627 3715 724 3779 tutari
756 3725 900 3799 poterat3
932 3717 1062 3800 iamque
1094 3716 1219 3780 artibus
1239 3742 1271 3789 10

90 3809 199 3890 Fabii,
233 3805 378 3870 sedendo
408 3814 440 3867 et
469 3802 659 3883 cunctando,
683 3798 804 3864 bellum
827 3799 963 3885 gerebat
985 3811 1220 3888 receperatque

134 3910 157 3947 Ξ.
169 3909 215 3944 btv.
224 3905 286 3942 ¹111.
1147 3905 1190 3951 Ὠ
