2738 4146
331 131 439 182 mana
455 133 489 183 11.
510 132 585 182 cnr.
604 137 645 185 aa.
664 137 705 186 aa
726 134 759 202 [a.
776 134 810 185 U.
830 151 852 188 ο.
872 134 1027 202 asa-2661.
1232 124 1274 183 st

96 325 162 368 non
191 305 356 386 succurrit,
383 305 494 368 vivere
525 327 594 388 nos,
623 307 708 391 quod
736 307 963 370 maturarimus
986 305 1172 392 proficisci?
1195 307 1223 372 si

98 390 162 453 lroc
185 389 341 473 profectio
366 399 398 452 et
419 413 483 452 non
506 391 582 475 fuga
606 403 663 455 est.
693 401 725 455 et
748 391 832 455 lianc
855 391 969 456 urbem
992 415 1050 456 vos
1078 414 1144 456 non
1165 391 1223 456 ho·

96 477 196 539 stium
221 475 346 558 ducitis,
374 476 430 539 ubi
453 478 479 540 si
501 499 599 540 unum
624 479 709 540 diem
731 479 848 541 morati
871 480 995 561 essetis,
1018 478 1223 543 moriendum

94 561 247 624 omnibus
283 559 364 625 fuit?
400 561 520 626 bellurn
551 562 644 626 vobis
673 561 828 626 indictum
863 573 920 647 est,
959 585 1075 646 magno
1112 585 1222 628 eorum

96 646 197 730 malo,
236 649 290 730 qui
326 645 482 729 indixere,
525 650 551 710 si
587 650 649 712 riri
687 647 795 712 estis.“
843 650 890 711 ita
933 659 965 713 et
1002 672 1060 713 sua
1106 659 1222 733 sponte

101 735 224 796 irarum
250 732 337 817 pleni
359 748 391 797 et
420 735 542 797 incitati
567 734 680 798 domos
709 734 787 798 inde
812 734 949 817 digressi
980 745 1053 798 sunt
1071 736 1264 819 instigamo

95 819 208 904 doque
246 840 320 881 suos
353 821 489 904 quisque
525 819 665 904 populos
698 819 844 902 effecere,
883 829 919 884 ut
953 843 1047 884 omne
1070 818 1223 884 Volscum

94 926 216 968 nomen
240 904 404 969 deficeret.

201 989 362 1053 XXXIX.
384 990 603 1074 Imperatores
626 990 665 1054 ad
690 990 722 1053 id
746 989 868 1055 bellum
892 991 932 1054 de
955 993 1096 1056 omnium
1119 1014 1222 1078 popu·
1245 1017 1266 1076 1¹

94 1074 204 1140 lorum
232 1078 392 1141 sententia
422 1076 499 1140 lecti
527 1076 636 1139 Attius
659 1075 782 1140 Tullius
815 1087 847 1140 ct
870 1075 928 1141 Cn.
959 1077 1112 1159 Marcius,
1145 1076 1223 1142 exul

95 1161 273 1244 Romanus,
295 1163 328 1224 in
351 1184 416 1248 quo
439 1160 601 1247 aliquanto
625 1160 697 1247 plus
721 1162 790 1246 spei
804 1164 994 1248 repositum.
1018 1184 1115 1248 quam
1131 1186 1223 1247 spem
1242 1186 1260 1234 a

95 1269 304 1333 nequaquam
326 1247 449 1330 fefellit,
486 1259 521 1310 ut
551 1247 646 1312 facile
679 1258 852 1333 appareret
876 1248 1010 1312 ducibus
1031 1248 1224 1313 validiorem

93 1353 197 1417 quam
210 1334 355 1398 exercitu
363 1357 433 1397 rem
444 1334 621 1397 Romanam
645 1355 727 1397 esse.
744 1331 897 1397 Circeios
906 1334 1070 1419 profectus
1083 1335 1223 1418 primurn

92 1417 230 1484 colonos
252 1419 328 1482 inde
343 1419 505 1483 Romanos
529 1419 653 1504 expulit
680 1417 882 1503 liberamque
908 1441 980 1484 eam
1007 1419 1122 1483 urbem
1146 1419 1222 1485 Vol·

92 1505 162 1567 scis
171 1505 317 1587 tradidit3
332 1507 408 1570 inde
422 1507 455 1568 in
465 1505 613 1568 Latinam
624 1506 711 1568 viam
722 1506 915 1568 transversis
924 1506 1106 1568 tramitibus
1118 1515 1221 1569 trans·
1242 1516 1260 1564 3

92 1612 269 1674 gressurus
293 1593 461 1673 Satricum,
489 1590 682 1674 Longulam,
705 1590 887 1673 Poluscam,
911 1589 1068 1674 Coriolos,
1091 1590 1223 1655 novella

95 1676 180 1739 haec
201 1676 353 1740 Romanis
376 1677 497 1762 oppida
520 1677 653 1752 ademit;
690 1676 766 1741 inde
787 1676 960 1740 Lavinium
982 1677 1119 1760 recepit3
1151 1687 1260 1742 tum4

91 1761 252 1846 deinceps
281 1760 486 1845 Corbionem,
514 1761 696 1843 Vetelliam,
727 1761 891 1844 Trebium,
917 1761 1066 1845 Labicos,
1094 1761 1221 1828 Pedum

92 1849 194 1931 cepit.
211 1858 411 1934 postremum
427 1847 467 1910 ad
486 1847 598 1912 urbem
614 1871 633 1910 a
647 1847 737 1911 Pedo
758 1846 848 1911 ducit
863 1848 950 1911 etad
966 1846 1070 1911 fossas
1086 1846 1220 1912 Cluilias
1240 1864 1257 1909 o

93 1935 240 2019 quinque
257 1933 298 1998 ab
320 1933 402 1998 urbe
415 1932 504 1997 milia
525 1956 678 2018 passuum
695 1935 808 1998 castris
823 1935 937 2017 positis
957 1933 1130 2018 populatur
1144 1933 1220 1999 inde

91 2041 212 2102 agrum
234 2020 414 2084 Romanum
442 2019 631 2083 custodibus
663 2020 748 2082 inter
778 2018 987 2104 populatores
1018 2019 1134 2102 missis,
1166 2021 1259 2104 quie

92 2106 307 2190 patriciorum
339 2127 433 2188 agros
467 2107 606 2168 intactos
642 2115 818 2187 servarent,
854 2106 923 2168 sive
953 2104 1096 2168 infensus
1131 2104 1220 2190 plebi

95 2192 209 2274 magis,
225 2193 293 2256 sive
307 2201 343 2255 ut
359 2191 521 2254 discordia
534 2191 611 2254 inde
625 2191 709 2254 inter
724 2201 833 2272 patres
850 2190 1044 2275 plebemque
1060 2201 1218 2255 oreretur.
1238 2207 1254 2254 t

93 2297 181 2360 quae
204 2277 348 2361 profecto
373 2287 444 2340 orta
470 2287 620 2341 esset-
642 2276 723 2340 adeo
751 2276 871 2339 tribuni
898 2277 962 2338 iam
989 2277 1132 2339 ferocem
1159 2298 1220 2361 per
1304 2323 1306 2327 ψ

91 2383 133 2424 se
155 2362 285 2447 plebem
311 2363 509 2427 criminando
535 2364 568 2425 in
590 2364 748 2446 primores
777 2363 913 2426 civitatis
940 2361 1139 2444 instigabant
1168 2397 1219 2446 -,

94 2447 153 2510 sed
179 2445 331 2512 externus
352 2450 458 2530 timor,
484 2449 661 2513 maximum
688 2447 880 2511 concordiae
908 2444 1082 2529 vinculum,
1109 2450 1218 2531 quam·

92 2533 146 2597 vis
160 2546 326 2618 suspectos
341 2535 547 2621 infensosque
566 2536 650 2597 inter
672 2555 707 2597 se
728 2532 882 2616 iungebat
905 2534 1037 2595 animos.
1061 2533 1094 2594 id
1118 2533 1217 2597 modo
1240 2553 1259 2599 8

94 2638 160 2681 non
184 2620 405 2704 conveniebat,
438 2620 524 2706 quod
550 2629 678 2684 senatus
712 2617 925 2703 consulesque
948 2622 1109 2703 nusquam
1141 2617 1219 2682 alibi

91 2726 190 2788 spem
213 2727 308 2791 quam
330 2707 363 2768 in
385 2710 482 2770 armis
504 2706 679 2789 ponebant,
707 2704 822 2791 plebes
845 2704 952 2767 omnia
976 2725 1073 2789 quam
1095 2703 1218 2768 bellum

92 2788 248 2854 malebat.
265 2791 320 2875 sp.
343 2791 480 2855 Nautius
501 2793 566 2855 iam
588 2801 621 2855 et
637 2790 712 2855 Sex.
736 2791 852 2854 Furius
869 2789 1017 2854 consules
1042 2803 1143 2852 erant.
1160 2811 1216 2854 eos
1239 2810 1256 2858 9

92 2885 301 2940 recensentes
324 2876 479 2961 legiones,
501 2877 663 2962 praesidia
677 2898 736 2960 per
758 2897 869 2940 muros
890 2874 1027 2961 aliaque,
1050 2874 1217 2961 inquibus

90 2962 249 3025 stationes
270 2962 460 3048 vigiliasque
483 2985 554 3027 esse
582 2963 757 3048 placuerat,
788 2960 861 3028 loca
883 2961 1112 3026 distribuentes
1135 2959 1218 3024 mul·

92 3047 200 3110 titudo
223 3049 336 3130 ingens
358 3071 471 3132 pacem
499 3049 701 3133 poscentium
723 3049 863 3135 primum
890 3048 1046 3111 seditioso
1076 3045 1217 3110 clamore

90 3135 280 3218 conterruit,
303 3133 421 3198 deinde
436 3156 555 3199 vocare
573 3143 731 3216 senatum,
754 3133 876 3196 referre
901 3132 942 3196 de
961 3132 1077 3215 legatis
1100 3131 1142 3195 ad
1159 3130 1217 3196 Cn.

91 3218 253 3283 Marcium
289 3220 453 3284 mittendis
489 3222 606 3302 coegit.
644 3229 838 3304 acceperunt
868 3217 1059 3282 relationem
1096 3226 1264 3302 patres,10

90 3315 268 3390 postquam
306 3307 459 3390 apparuit
494 3304 607 3369 labare
644 3302 752 3390 plebis
790 3306 931 3385 anim0s3
975 3305 1131 3389 missique
1177 3302 1219 3367 de

90 3412 177 3474 pace
200 3391 241 3454 ad
272 3391 430 3456 Marcium
463 3401 610 3456 oratores
649 3400 744 3455 atrox
781 3412 973 3474 responsum
1010 3387 1260 3453 rettulerunttn

89 3476 119 3539 si
146 3475 275 3541 Volscis
302 3499 381 3560 ager
401 3477 605 3561 redderetur,
639 3497 737 3560 posse
765 3476 818 3559 agi
845 3474 886 3539 de
912 3495 1008 3559 pace;
1045 3476 1072 3539 si
1095 3474 1219 3559 praeda

91 3560 171 3625 belli
192 3585 253 3649 per
275 3565 375 3627 otium
400 3563 463 3626 frui
482 3561 592 3645 velint,
619 3583 797 3626 memorem
825 3583 860 3624 ss
884 3572 916 3625 et
938 3562 1056 3624 civium
1083 3561 1218 3624 iniuriae

89 3658 125 3712 et
148 3647 311 3733 hospitum
334 3648 482 3712 beneficii
505 3648 704 3731 adnisurum,
732 3657 769 3710 ut
791 3656 947 3732 appareat
970 3645 1066 3710 exilio
1091 3645 1151 3709 sibi
1172 3647 1219 3709 in-

89 3735 215 3818 ritatos,
238 3756 303 3799 non
326 3734 444 3799 fractos
467 3735 591 3798 animos
614 3755 695 3798 esse.
725 3733 844 3797 iterum
866 3731 987 3797 deinde
1004 3732 1115 3794 iidem
1137 3730 1241 3790 niman
1249 3741 1297 3784 xa.

88 3839 156 3884 non
176 3821 377 3904 recipiuntur
396 3820 430 3883 in
453 3830 566 3886 castra.
589 3819 781 3888 sacerdotes
810 3841 949 3908 quoque
971 3809 1265 3891 transmeamus
