2738 4146
333 121 441 172 urnula
458 123 480 176 1.
501 123 576 174 cnr.
595 126 636 175 21.
655 127 697 175 22.
717 128 759 176 22.
779 123 812 193 [a.
831 125 865 176 U.
885 142 908 177 0.
927 125 1059 195 ao-rrr]
1253 117 1292 175 19

108 314 238 356 versam
262 291 397 357 deorum
421 292 544 358 violare
574 295 732 360 ducerent
762 296 864 360 nefas.
903 295 995 361 lucus
1027 308 1106 381 erat,
1141 320 1238 386 quem
1268 319 1288 368 2

16 441 20 446 .
108 379 253 442 medium
277 401 317 442 ex
341 401 445 463 opaco
461 402 563 465 specu
584 381 657 445 fons
673 383 807 467 perenni
821 383 951 466 rigabat
965 406 1058 470 aqua.
1084 406 1149 471 quo
1166 386 1242 470 quia

106 488 145 528 se
167 486 328 550 persaepe
349 465 458 529 Numa
489 468 557 530 sine
581 467 712 532 arbitris
734 467 824 533 velut
847 469 889 532 ad
918 492 1126 553 congressum
1159 471 1242 536 deae

106 550 278 632 inferebat,
311 549 462 616 Camenis
494 575 567 616 cum
601 552 712 618 lucum
744 556 894 636 sacravit,
927 557 1016 641 quod
1049 578 1161 621 earum
1196 556 1241 621 ibi

106 636 248 702 concilia
271 660 344 701 cum
368 639 505 721 coniuge
528 661 587 703 sua
608 640 731 723 Egeria
754 651 872 706 essent.
907 650 940 706 et
961 642 1067 705 Fidei¹
1083 641 1240 708 sollemne
1267 652 1287 700 4

108 724 255 789 instituit.
289 724 330 787 ad
353 724 387 787 id
411 726 588 788 sacrarium
610 726 758 790 flamines
781 726 866 810 bigis
889 749 987 792 curru
1010 737 1143 793 arcuato
1166 728 1242 794 vehi

106 811 203 874 iussit
218 832 381 896 manuque
397 812 440 875 ad
457 811 576 895 digitos
591 834 695 898 usque
711 812 859 877 involuta
873 835 943 876 rem
961 814 1103 877 divinam
1119 813 1239 897 facere,

107 894 327 979 significantes
349 896 447 960 fidem
464 898 631 961 tutandam
648 898 826 985 sedemque
846 901 915 963 eius
932 901 1030 964 etiam
1045 901 1078 963 in
1095 899 1240 965 dexteris

107 991 268 1046 sacratam
292 1004 373 1046 esse.
397 982 498 1046 multa
522 983 585 1047 alia
607 985 765 1049 sacrificia
787 984 925 1071 locaque
949 986 1048 1049 sacris
1070 985 1239 1068 faciendis,
1267 998 1283 1046 2

107 1091 195 1154 quae
216 1068 344 1151 Argeos
375 1069 544 1154 pontifices
578 1081 707 1153 vocant,
741 1072 914 1136 dedicavit.
953 1072 1097 1135 omnium
1129 1081 1239 1138 tamen

109 1155 286 1218 maximum
311 1157 379 1219 eius
403 1177 539 1240 operum
561 1156 621 1220 fuit
643 1156 745 1222 tutela
801 1180 836 1222 22
868 1178 962 1221 omne
986 1158 1077 1240 regni
1109 1167 1238 1243 tempus

106 1240 197 1319 baud
219 1241 325 1305 minor
347 1244 435 1327 pacis
459 1264 555 1328 quam
578 1243 680 1326 regni.
702 1245 747 1307 ita
770 1181 833 1308 duo
858 1244 1011 1328 deinceps
1026 1265 1132 1328 reges,
1156 1245 1238 1314 alius
1267 1257 1284 1306 2

106 1326 173 1390 2112
194 1329 258 1409 via,
280 1326 335 1392 ille
359 1327 444 1392 bello
469 1329 521 1391 hic
550 1351 641 1414 pace,
674 1330 840 1395 civitatem
871 1340 1041 1394 auxerunt.
1079 1329 1238 1396 Romulus

107 1422 235 1498 septem
258 1424 290 1478 21
311 1415 444 1499 triginta
457 1418 607 1498 regnavit
622 1437 733 1494 annos,
755 1415 864 1479 Numa
878 1425 945 1479 tres
965 1425 999 1480 et
1014 1415 1237 1501 quadraginta.

108 1523 183 1563 cum
199 1499 309 1563 valida
321 1509 389 1564 tum
405 1511 586 1585 temperata
601 1512 633 1566 21
647 1501 724 1566 belli
739 1511 771 1564 21
784 1503 874 1586 pacis
888 1502 1012 1565 artibus
1028 1510 1099 1566 2221
1113 1503 1237 1568 civitas.
1271 1559 1300 1597 ς

212 1586 323 1650 XXII.
346 1586 474 1651 Numae
496 1599 600 1653 morte
621 1589 664 1652 ad
687 1590 909 1670 interregnum
935 1609 988 1651 222
1020 1587 1125 1651 rediit.
1161 1587 1238 1653 inde
1266 1604 1278 1650 1

108 1670 239 1735 Tullum
253 1671 437 1752 Hostilium,
460 1684 615 1759 nepotem
631 1674 760 1755 Hostili,
778 1674 869 1738 cuius
885 1674 917 1737 in
933 1673 1043 1737 infima
1058 1694 1132 1736 2222
1150 1672 1239 1737 21222

110 1779 220 1840 pugna
241 1758 402 1823 adversus
418 1757 557 1824 Sabinos
572 1760 689 1841 fuerat,
713 1783 824 1844 regem
840 1758 981 1844 populus
996 1760 1104 1840 iussit;
1126 1768 1237 1844 patres

106 1853 260 1907 auctores
282 1845 369 1909 facti.
404 1845 456 1909 hic
487 1867 552 1909 non
583 1846 688 1910 solum
712 1847 861 1930 proximo
884 1846 955 1928 regi
978 1844 1153 1927 dissimilis,
1177 1846 1235 1910 sed
1265 1862 1281 1910 2

106 1928 250 1994 12222122
271 1931 368 1995 etiam
392 1954 488 2016 quam
512 1932 668 1996 Romulus
689 1932 758 1996 fuit.
783 1954 855 1995 cum
877 1939 967 1995 aetas
988 1932 1141 2017 viresque
1169 1939 1238 1995 tum

107 2016 198 2079 avita
228 2038 359 2103 quoque
390 2017 495 2100 gloria
527 2019 669 2082 animum
701 2017 897 2082 stimulabat.
927 2018 1108 2081 ¹senescere
1140 2017 1239 2100 igitur

108 2103 277 2168 civitatem
302 2105 366 2167 otio
390 2114 481 2168 ratus
503 2105 650 2190 undique
665 2105 834 2168 materiam
858 2103 1022 2166 excitandi
1037 2101 1116 2168 belli
1139 2124 1237 2188 quae-

108 2188 212 2251 rebat.
245 2189 330 2253 12212
365 2191 484 2272 evenit,
515 2200 551 2253 ut
583 2200 728 2273 agrestes
750 2189 888 2253 Romani
920 2212 962 2253 ex
983 2187 1112 2252 Albano
1148 2210 1237 2272 agro,
1265 2207 1283 2256 2

107 2274 230 2338 Albani
254 2298 296 2339 ex
318 2275 463 2339 Romano
487 2276 628 2360 praedas
659 2277 692 2339 in
714 2278 819 2339 vicem
853 2284 995 2359 agerent.
1029 2274 1239 2359 imperitabat

108 2370 178 2424 tum
195 2361 231 2426 C.
250 2359 385 2426 Cluilius
400 2360 517 2426 Albae.
540 2363 704 2446 utrimque
719 2361 818 2445 legati
839 2360 908 2425 fere
929 2360 988 2424 sub
1005 2360 1092 2424 idem
1108 2369 1237 2445 tempus
1263 2381 1281 2428 4

107 2446 152 2509 ad
174 2469 227 2511 res
249 2448 446 2532 repetendas
470 2451 569 2512 missi.
596 2447 710 2512 Tullus
732 2446 946 2532 praeceperat
977 2447 1054 2528 auis,
1085 2467 1126 2509 ne
1180 2446 1238 2510 uid

108 2533 199 2617 prius
224 2556 321 2634 quam
344 2534 497 2597 mandata
518 2544 666 2619 agerent3
690 2537 767 2598 satis
790 2533 914 2597 sciebat
928 2541 1120 2615 negaturum
1135 2468 1237 2595 Alba-

108 2639 200 2681 num:
232 2629 278 2683 rta
308 2620 363 2705 pie
393 2619 515 2685 bellum
546 2621 646 2684 indici
677 2642 785 2704 posse.
824 2618 866 2683 ab
894 2617 1031 2682 Albanis
1064 2617 1235 2683 socordius
1264 2639 1283 2688 a

107 2727 161 2768 222
177 2714 266 2788 2212;
283 2709 413 2792 excepti
428 2707 569 2792 hospitio
586 2706 627 2770 ab
637 2704 732 2770 Tullo
748 2705 869 2770 blande
879 2727 917 2768 ac
933 2703 1084 2788 benigne,
1101 2704 1238 2768 comiter

106 2793 195 2874 regia
218 2792 404 2866 convivium
428 2792 604 2858 celebrant.
636 2793 796 2874 tantisper
818 2791 956 2855 Romani
988 2801 1095 2855 21222
1117 2790 1236 2874 repeti-

104 2885 225 2940 verant
246 2879 371 2963 priores
395 2890 427 2944 et
448 2881 580 2962 neganti
596 2878 724 2943 Albano
741 2877 863 2942 bellum
878 2878 911 2940 in
933 2877 1130 2940 tricesimum
1148 2875 1236 2938 diem

104 2963 303 3028 indixerant.
327 2964 409 3029 haec
432 2967 617 3029 renuntiant
630 2963 735 3029 Tullo.
759 2974 828 3028 tum
843 2963 959 3047 legatis
974 2961 1089 3027 Tullus
1105 2961 1234 3025 dicendi
1264 2985 1286 3034 2-

106 3058 315 3134 potestatem,
341 3052 419 3136 quid
434 3061 582 3136 petentes
605 3051 764 3132 venerint,
786 3050 872 3114 facit.
897 3048 943 3112 illi
966 3049 1108 3112 omnium
1131 3047 1236 3131 ignari

103 3136 249 3221 primum
272 3137 443 3222 purgando
460 3147 569 3202 terunt
583 3147 727 3223 tempus:
751 3158 786 3200 22
802 3136 921 3200 invitos
938 3136 1123 3220 quicquam,
1147 3133 1236 3219 quod

103 3222 214 3286 minus
236 3219 364 3307 placeat
378 3222 484 3305 Tullo,
509 3224 663 3304 dicturos,
687 3222 744 3286 sed
761 3223 898 3307 imperio
923 3220 1044 3304 subigi:
1067 3242 1120 3283 res
1142 3241 1236 3304 repe·

101 3308 203 3371 titum
226 3330 261 3372 22
284 3311 429 3391 venisae3
452 3310 485 3372 ni
506 3310 697 3391 reddantur,
720 3306 843 3372 bellum
865 3307 1010 3371 indicere
1037 3307 1153 3371 iussos.
1192 3305 1235 3368 ad
1263 3330 1278 3378 *1

105 3392 191 3458 baec
206 3392 321 3458 Tullus
346 3396 531 3476 ,nuntiate“
554 3397 659 3482 inquit
682 3394 771 3479 „regi
794 3403 903 3459 vestro
926 3415 1036 3476 regem
1053 3391 1235 3460 Romanum

101 3479 187 3545 deos
210 3479 318 3545 facere
339 3491 450 3564 testes,
474 3491 547 3547 uter
569 3484 659 3568 prius
683 3479 823 3566 populus
837 3502 890 3544 res
906 3488 1093 3564 repetentes
1109 3476 1235 3560 legatos

103 3578 304 3716 alpemabull
326 3567 494 3652 dimiserit,
526 3578 563 3632 ut
592 3568 626 3632 in
662 3589 735 3632 eum
767 3588 878 3631 omnes
911 3573 1067 3650 expetant
1100 3563 1236 3626 huiusce

101 3673 125 3714 c
138 3653 216 3717 ades
263 3653 346 3717 ei.“

62 3782 89 3831 ἦ
207 3738 336 3802 XXIII.
380 3739 474 3804 Haec
510 3741 659 3804 nuntiant
696 3739 828 3802 domum
865 3736 1001 3801 Albani.
1045 3745 1084 3798 et
1111 3732 1253 3794 iseum
1278 3755 1307 3793 x.

105 3825 273 3911 utrimque
305 3849 431 3890 summa
463 3848 525 3914 ope
557 3825 750 3917 parabatur,
786 3819 883 3893 civili
917 3819 1138 3888 §immissum
1158 3807 1286 3947 Ὰὲζὶὴ
