2738 4146
376 145 483 194 mana
500 146 535 194 11.
555 144 630 195 can.
649 149 689 196 aa
709 149 750 196 so.
770 145 803 215 [a.
821 147 854 198 n.
874 163 895 197 ο.
914 146 984 216 root
1235 132 1275 192 77

93 325 194 400 atque
230 317 351 379 irarum
388 339 486 401 quam
521 319 656 380 iniuriae
696 318 812 382 fuerat.
858 328 988 382 senatus
1025 317 1260 384 tumultuose5

92 413 230 465 vocatus
258 401 485 466 tumultuosius
518 404 697 466 consulitur
728 405 951 487 quaestionem
982 404 1222 489 postulantibus

92 489 143 569 iis,
169 490 224 574 qui
248 487 367 572 pulsati
390 489 526 569 fuerant,
561 489 757 553 decernente
783 490 983 554 ferocissimo
1008 511 1138 574 quoque
1161 512 1223 553 non

93 576 262 638 sententiis
285 576 388 658 inagis
412 597 509 660 quam
532 574 674 640 clamore
698 586 730 639 et
752 579 896 660 strepitu.
913 577 1044 638 tandem
1062 598 1136 639 cum
1151 577 1219 640 irae
1244 596 1259 643 6

93 662 305 732 resedissent,
331 660 606 745 exprobrantibus
630 661 816 726 consulibus
850 662 950 726 nihilo
985 662 1057 746 plus
1081 663 1224 725 sanitatis

92 748 126 809 in
152 748 241 808 curia
265 768 362 831 quam
384 748 415 808 in
438 746 507 827 foro
532 769 613 828 esse,
638 750 750 810 ordine
772 747 894 811 consuli
912 750 1029 833 coepit.
1053 759 1118 811 tres
1134 748 1258 814 fueret

94 835 286 896 sententiae.
325 832 361 894 P·.
385 831 557 915 Verginius
581 856 649 896 rem
673 856 736 896 non
761 833 930 917 vulgabat3
963 835 1004 897 de
1027 835 1064 896 iis
1087 843 1223 913 tantum,

93 920 150 1002 qui
174 919 272 980 iidem
296 919 398 982 secuti
423 919 458 981 P.
483 917 601 983 Servili
624 921 765 984 consulis
788 920 919 993 Volsco,
954 921 1107 982 Aurunco
1133 919 1223 983 Sabi-

92 1027 204 1088 noque
228 1002 420 1067 militassent
443 1003 540 1080 bello,
564 1006 727 1088 agendum
750 1006 914 1070 censebat.
937 1006 974 1068 Τ.
999 1005 1133 1068 Larcius
1158 1013 1258 1069 non8

92 1091 127 1153 id
151 1104 280 1174 tempus
303 1112 385 1169 esse,
409 1100 445 1154 ut
468 1093 582 1154 merita
597 1093 820 1156 tantummodo
838 1090 1099 1172 exsolverentur3
1121 1100 1223 1155 totam

92 1176 227 1262 plebem
250 1198 325 1239 aere
349 1175 453 1239 alieno
478 1178 660 1240 demersam
683 1201 763 1254 esse,
787 1201 848 1242 nec
871 1178 940 1242 sisti
962 1199 1068 1261 posse,
1098 1178 1131 1239 ni
1154 1198 1220 1240 om-

91 1261 191 1326 uibus
215 1261 416 1342 consulatur;
441 1265 528 1348 quin,
553 1265 579 1325 si
602 1263 664 1325 alia
687 1262 826 1328 aliorum
846 1265 886 1326 sit
902 1264 1060 1344 condicio,
1083 1263 1221 1326 accendi

93 1349 198 1432 magis
231 1348 427 1411 discordiam
460 1370 556 1433 quam
589 1349 705 1412 sedari.
745 1348 808 1434 Ap.
842 1348 1007 1431 Claudius,
1046 1360 1078 1413 et
1108 1359 1257 1411 naturae

91 1436 225 1497 immitis
250 1445 283 1496 et
306 1434 458 1498 efferatus
483 1435 558 1497 hinc
582 1434 686 1518 plebis
711 1437 796 1512 odio,
813 1434 900 1498 illinc
916 1445 1046 1520 patrum
1061 1434 1222 1516 laudibus,

91 1542 158 1583 non
182 1521 317 1584 miseriis
341 1522 394 1598 ait,
419 1521 476 1583 sed
499 1520 630 1585 licentia
654 1532 776 1585 tantum
805 1522 966 1585 concitum
989 1520 1168 1594 turbarum,
1191 1529 1223 1584 et

92 1604 244 1669 lascivire
278 1608 380 1690 magis
413 1605 544 1689 plebem
577 1629 673 1691 quam
698 1608 834 1671 saevire.
871 1607 905 1669 id
929 1608 1010 1670 adeo
1035 1606 1154 1669 malurn
1180 1627 1222 1668 ex
1242 1619 1274 1665 10

91 1692 328 1779 provocatione
351 1704 476 1755 natum:
505 1694 627 1778 quippe
650 1695 754 1757 minas
778 1716 849 1758 esse
873 1691 1050 1773 consulum,
1074 1714 1139 1756 non
1161 1693 1219 1754 im-

91 1779 231 1864 perium,
255 1777 311 1840 ubi
334 1779 374 1840 ad
399 1800 464 1859 eos,
498 1780 551 1863 qui
574 1801 638 1842 una
660 1781 878 1865 peccaverint,
910 1799 1091 1863 provocare
1113 1777 1219 1840 liceat.

96 1860 278 1948 „agedum“
312 1865 418 1949 inquit
442 1864 664 1947 „dictatorem
698 1888 717 1928 a
749 1888 812 1951 quo
844 1865 1034 1949 provocatio
1068 1886 1131 1927 non
1160 1874 1218 1944 est,
1240 1877 1270 1923 11

92 1971 253 2023 creemus,
276 1950 340 2012 iam
365 1951 427 2030 hic,
452 1972 515 2034 quo
539 1973 625 2014 nunc
642 1953 749 2015 omnia
764 1952 890 2033 ardent,
913 1951 1104 2014 conticiscet
1117 1950 1217 2014 furor.

93 2034 203 2122 pulset
233 2044 302 2098 tum
333 2035 412 2098 mihi
443 2034 600 2118 lictorem,
634 2039 689 2122 qui
721 2038 801 2101 sciet
832 2037 881 2099 ius
910 2037 1066 2114 detergo
1091 2037 1222 2120 vitaque
1240 2050 1273 2096 12

93 2143 153 2185 sua
175 2143 277 2206 penes
300 2144 398 2184 unum
423 2121 512 2184 illum
537 2145 617 2203 esse,
643 2124 734 2186 ouius
757 2125 960 2187 maiestatem
983 2121 1142 2185 violarit.“

198 2206 308 2269 XXX.
333 2206 454 2275 Multis,
471 2218 508 2271 ut
525 2219 603 2284 erat,
627 2209 761 2273 horrida
774 2223 806 2272 et
830 2220 924 2271 atrox
942 2208 1115 2271 videbatur
1132 2206 1223 2290 Appi
1244 2225 1256 2270 1
1320 2258 1323 2264 ,

93 2294 271 2373 sententia3
295 2316 407 2356 rursus
430 2294 565 2376 Vergini
582 2295 744 2378 Larcique
769 2293 919 2378 exemplo
943 2294 1032 2356 haud
1056 2293 1221 2372 salubres3

90 2380 206 2463 utique
230 2379 326 2442 Larci
348 2378 507 2463 putabant
529 2402 601 2443 esse
625 2403 706 2460 eam,
729 2403 812 2464 quae
834 2389 936 2444 totam
959 2379 1056 2442 fidem
1080 2378 1221 2446 tolleret.

91 2465 239 2528 medinm
261 2469 403 2528 maxime
437 2477 468 2529 et
491 2467 693 2530 moderatum
722 2478 860 2551 utroque
893 2465 1062 2529 consilium
1085 2464 1219 2547 Vergini

91 2550 290 2621 habebatur;
315 2551 374 2615 sed
390 2551 528 2616 factione
544 2561 760 2637 respectuque
776 2575 884 2615 rerum
901 2553 1111 2635 privatarum,
1137 2572 1221 2636 quae
1243 2568 1258 2614 t

91 2659 225 2721 semper
249 2637 388 2701 offecere
411 2637 620 2721 officientque
643 2638 782 2721 publicis
807 2637 959 2717 consiliis,
981 2636 1111 2722 Appius
1134 2637 1220 2716 vicit,

91 2744 131 2786 ac
154 2744 260 2807 prope
290 2723 361 2797 fuit,
394 2733 431 2786 ut
461 2723 601 2788 dictator
634 2722 687 2787 ille
718 2725 805 2788 idem
838 2733 1019 2803 crearetur3
1054 2743 1137 2807 quae
1168 2742 1257 2789 rese

90 2809 205 2892 utique
243 2806 416 2873 alienasset
458 2808 589 2893 plebem
625 2809 899 2894 periculosissimo
942 2818 1100 2894 tempore,
1146 2830 1219 2871 cum

90 2893 206 2958 Volsci
229 2893 401 2980 Aequique
426 2906 458 2958 et
482 2895 593 2959 Sabini
609 2895 691 2959 forte
708 2919 772 2960 una
788 2917 899 2959 omnes
923 2896 956 2957 in
979 2896 1076 2959 armis
1101 2905 1217 2958 essent.

92 2980 153 3044 sed
178 3001 275 3043 curae
290 2981 350 3044 fuit
372 2980 560 3045 consulibus
577 2993 608 3046 ot
631 2982 814 3046 senioribus
831 2992 972 3066 patrum,
995 2991 1032 3044 ut
1047 2981 1219 3094 imperium
1240 3001 1257 3046 4

90 3089 152 3130 sua
174 3067 207 3130 vi
228 3067 406 3130 vehemens
429 3077 596 3130 mansueto
620 3069 861 3153 permitteretur
883 3069 1023 3150 ingenio.
1048 3067 1091 3128 M.
1125 3064 1219 3130 Vale·
1242 3087 1257 3134 ὁ

89 3153 177 3216 rium
201 3152 392 3216 dictatorem
414 3153 527 3217 Volesi
550 3152 651 3216 filium
677 3164 797 3217 creant.
831 3153 945 3238 plebes
980 3154 1040 3216 etsi
1063 3152 1220 3214 adversus

90 3261 125 3303 se
150 3249 296 3301 creatum
320 3238 511 3303 dictatorern
533 3240 677 3319 videbat,
700 3251 819 3321 tamen,
853 3262 926 3302 cum
951 3238 1220 3324 provocationem

89 3324 200 3388 fratris
224 3323 297 3407 lege
320 3325 465 3403 haberet,
490 3325 569 3387 nihil
586 3348 628 3390 ex
651 3348 690 3388 ea
704 3325 827 3387 familia
849 3327 942 3388 triste
957 3346 1018 3387 nec
1042 3324 1220 3407 superbum

89 3410 236 3474 timebat.
262 3411 403 3474 edictum
427 3411 546 3475 deinde
569 3434 588 3475 a
611 3412 768 3476 dictatore
792 3413 992 3495 propositum
1019 3410 1222 3473 confirmavit
1241 3433 1256 3480 6

89 3499 215 3560 animos
231 3496 349 3560 Servili
371 3497 439 3561 fere
452 3495 592 3560 consulis
609 3498 716 3561 edicto
741 3498 951 3577 conveniens;
976 3497 1034 3560 sed
1051 3505 1083 3559 et
1099 3495 1222 3559 homini

94 3593 127 3646 et
149 3583 306 3668 potestati
328 3582 444 3647 melius
466 3585 528 3646 rati
552 3584 643 3646 credi
667 3584 786 3647 omisso
811 3584 985 3646 certamine
1009 3581 1141 3646 nomina
1165 3582 1220 3644 de·

91 3669 179 3733 dere·
218 3678 358 3753 quantus
384 3691 561 3754 numquam
599 3678 674 3732 ante
712 3670 885 3752 exercitus,
923 3667 1068 3751 legiones
1107 3668 1260 3740 decema

91 3755 240 3836 effectae3
279 3763 391 3819 ternae
427 3754 504 3819 inde
536 3755 631 3820 datae
662 3754 862 3836 consulibua
900 3763 1060 3840 quattuor
1091 3753 1241 3813 ductam

90 3863 178 3904 usus.
