2738 4146
392 135 503 184 urana
520 136 541 185 1.
578 134 982 204 cnr.1a.17.[a.u0.aa]
1241 127 1280 183 15

98 308 244 380 haberet,
274 308 382 372 subito
407 318 520 374 coorta
541 318 720 394 tempestas
744 332 819 374 cum
842 334 959 394 magno
984 312 1112 397 fragore
1144 313 1228 377 toni·

99 396 270 480 tribusque
298 405 365 458 tam
389 395 490 459 denso
515 418 624 479 regem
650 397 779 480 operuit
800 398 922 478 nimbo,
954 409 991 461 ut
1014 411 1227 484 conspectum

98 483 166 546 eius
192 483 333 546 contioni
357 480 540 557 abstulerit3
564 504 625 546 neo
650 483 767 546 deinde
799 483 950 547 interris
974 485 1132 549 Romulus
1156 485 1265 551 suita

99 568 246 632 Romana
277 567 383 653 pubes
407 569 521 632 sedato
554 568 684 632 tandem
717 591 849 653 pavore,
882 580 1055 655 postquam
1088 593 1130 634 ex
1161 582 1227 633 tam

98 655 230 718 turbido
267 655 320 718 die
351 676 467 718 serena
504 664 536 718 et
561 653 737 739 tranquilla
774 653 831 726 lux
853 656 958 736 rediit,
997 656 1053 719 ubi
1089 679 1228 720 vacuam

101 741 213 804 sedem
230 742 356 824 regiam
371 741 462 813 vidit,
488 740 548 804 etsi
564 742 642 804 satis
659 740 817 804 credebat
832 741 991 827 patribus,
1015 744 1070 826 qui
1087 744 1229 828 proximi

100 836 266 906 steterant,
300 825 471 889 sublimem
494 836 622 911 raptum
658 825 811 911 procella,
835 844 944 891 tamen
966 827 1057 891 velut
1080 829 1228 892 orbitatis

100 923 188 975 metu
215 914 279 976 ieta
301 923 461 974 maestum
484 910 684 997 aliquamdiu
706 911 868 976 silentium
893 913 1040 976 obtinuit.
1067 915 1186 978 deinde
1209 935 1229 977 a

94 1000 213 1084 ,paucis
248 1000 338 1063 initio
362 997 448 1061 facto
474 999 568 1060 deum
604 999 665 1062 deo
689 1008 810 1080 natum,
847 1022 958 1083 regem
992 1011 1262 1085 parentemque-⁹,

100 1084 190 1148 urbis
213 1084 378 1147 Romanae
413 1083 541 1147 salvere
563 1085 706 1148 universi
740 1084 914 1148 Romulum
947 1083 1073 1167 iubent3
1111 1108 1227 1171 pacem

98 1170 252 1256 precibus
263 1181 454 1256 exposcunt,
470 1171 518 1234 uti
529 1169 643 1235 volens
660 1172 820 1256 propitius
837 1194 928 1235 suam
945 1195 1075 1258 semper
1090 1173 1228 1256 sospitet

100 1258 299 1342 progeniem.
323 1256 423 1322 fuisse
440 1256 538 1319 credo
562 1266 631 1320 tum
648 1279 778 1341 quoque
795 1255 930 1342 aliquos,
955 1259 1009 1342 qui
1028 1243 1294 1342 discerptum?

100 1365 211 1425 regem
235 1352 363 1426 patrum
387 1342 536 1405 manibus
558 1343 649 1405 taciti
672 1353 860 1426 arguerent3
884 1345 1027 1408 manavit
1043 1345 1129 1407 enim
1145 1343 1229 1408 haec

101 1450 244 1514 quoque,
278 1429 335 1492 sed
359 1428 557 1513 perobscura
579 1427 680 1509 fama,
714 1427 801 1491 illam
819 1427 954 1492 alteram
973 1431 1142 1493 admiratio
1166 1431 1228 1494 viri
1307 1495 1310 1501 ,

102 1526 134 1577 et
156 1535 261 1597 pavor
276 1536 433 1599 praesens
448 1513 640 1577 nobilitavit.
665 1524 697 1578 et
714 1513 845 1579 oonsilio
863 1517 960 1578 etiam
976 1517 1071 1578 unius
1087 1515 1228 1580 hominis
1246 1539 1262 1586 5

100 1601 213 1663 addita
243 1602 291 1664 rei
315 1601 430 1663 dicitur
457 1600 549 1664 fides.
581 1620 721 1685 namque
753 1599 911 1664 Proculus
944 1601 1056 1678 Iulius,
1092 1601 1229 1666 sollicita

101 1687 234 1750 civitate
245 1686 408 1750 desiderio
425 1688 511 1767 regis
528 1697 560 1750 et
575 1686 701 1749 infensa
715 1687 873 1772 patribus,
891 1689 1010 1770 gravis,
1026 1698 1063 1751 ut
1077 1689 1227 1766 traditur,

99 1773 249 1858 quamvis
272 1794 410 1855 magnae
432 1773 478 1835 rei
495 1782 617 1853 auctor,
642 1775 673 1835 in
691 1773 871 1836 contionem
889 1774 1225 1858 p1·odit.r„Romulus“
1246 1797 1263 1844 6

99 1859 213 1944 inquit,
240 1856 413 1939 „Quiritea
437 1880 555 1942 parens
579 1857 668 1920 urbis
692 1858 796 1938 huius,
829 1860 934 1942 prima
965 1859 1124 1923 hodierna
1156 1859 1228 1923 luce

98 1943 189 2007 caelo
212 1954 349 2029 repente
373 1943 526 2028 delapsus
549 1967 583 2008 se
608 1944 685 2006 mihi
702 1945 832 2007 obvium
858 1945 958 2008 dedit.
984 1967 1057 2008 cum
1072 1945 1225 2029 perfusus

98 2029 237 2095 horrore
252 2029 503 2094 venerabundus
520 2031 725 2111 adstitissem,
742 2041 857 2115 petens
872 2030 1035 2115 precibus,
1060 2041 1226 2095 utcontra

97 2116 219 2179 intueri
240 2116 288 2179 fas
313 2126 408 2193 esset,
434 2116 516 2198 ,abt
540 2117 671 2178 nuntia“
690 2117 793 2202 inquit
811 2116 981 2197 ,Romanis
999 2115 1155 2181 caelestes
1178 2119 1225 2180 ita

97 2200 194 2283 velle,
216 2212 251 2265 ut
276 2225 349 2266 mea
371 2203 475 2266 Roma
498 2213 596 2287 eaput
618 2202 706 2265 orbis
730 2220 891 2265 terrarum
916 2205 970 2283 sit,
994 2204 1130 2288 proinde
1152 2226 1223 2266 rem
1242 2227 1258 2275 a

98 2287 271 2352 militarem
288 2288 396 2352 colant
411 2290 579 2372 sciantque
603 2297 635 2350 et
658 2290 702 2351 ita
718 2289 856 2373 posteris
872 2289 1002 2351 tradant
1018 2289 1130 2370 nullas,
1144 2310 1223 2373 opes

99 2375 255 2438 humanas
287 2376 384 2438 armis
406 2375 559 2437 Romanis
587 2375 738 2438 resistere
761 2375 890 2457 posse.“
938 2375 1070 2457 ,haec“,
1107 2377 1258 2459 inquit,3

100 2459 248 2540 „loeutus
272 2459 419 2524 sublimis
442 2460 551 2525 abiit.“
576 2462 703 2539 mirum,
729 2471 883 2546 quantum
908 2459 953 2523 illi
976 2463 1046 2524 viro
1063 2462 1223 2524 nuntianti

99 2546 181 2610 haec
202 2546 281 2609 fidei
303 2546 408 2628 fuerit,
434 2568 596 2631 quamque
620 2547 816 2610 desiderium
834 2545 963 2608 Romuli
986 2547 1073 2629 apud
1090 2547 1222 2631 plebem

98 2634 343 2718 exercitumque
365 2633 452 2695 facta
475 2632 539 2695 fide
561 2631 811 2696 immortalitatis
834 2631 969 2695 lenitum
994 2634 1044 2696 sit.

200 2717 308 2783 XVII.
325 2717 459 2781 Patrum
475 2719 602 2781 interim
620 2720 744 2782 animos
761 2728 924 2782 certamen
940 2720 1033 2799 regni
1049 2740 1088 2781 ac
1101 2718 1221 2804 cupido
1241 2731 1255 2778 1

97 2804 259 2867 versabat.
282 2805 421 2868 necdum
445 2804 486 2866 ad
510 2804 663 2887 singulos,
688 2807 764 2890 quia
778 2827 872 2867 nemo
888 2826 1086 2889 magnopere
1103 2807 1222 2868 emine-

96 2888 154 2952 bat
176 2891 209 2952 in
232 2912 318 2954 novo
342 2889 474 2974 populo,
503 2901 712 2975 pervenerat3
744 2890 940 2953 factionibus
975 2894 1059 2955 inter
1091 2890 1222 2954 ordines

98 2976 293 3039 certabatur.
319 2975 445 3039 oriundi
469 2976 509 3038 ab
534 2975 669 3055 Sabinis,
702 2999 754 3057 nc,
779 2979 855 3062 quia
877 2987 952 3061 post
974 2976 1059 3040 Tatii
1082 2987 1257 3039 mortema

96 3060 137 3124 ab
162 3084 220 3124 sua
241 3072 334 3146 parte
357 3083 421 3124 non
446 3072 516 3125 erat
537 3072 718 3145 regnatum,
741 3065 773 3125 in
796 3064 952 3126 societate
969 3085 1074 3146 aequa
1093 3084 1220 3146 posses-

96 3147 370 3232 sionemimperii
393 3149 588 3229 amitterent,
612 3151 661 3212 sui
685 3151 830 3233 eorporis
855 3149 957 3211 creari
989 3170 1099 3230 regem
1130 3148 1219 3211 vole-

97 3232 192 3312 bant,
216 3234 353 3296 Romani
374 3246 503 3298 veteres
528 3237 733 3319 peregrinum
758 3256 868 3316 regem
892 3233 1158 3314 aspernabantur.
1187 3235 1254 3298 ina

95 3321 193 3383 variis
216 3319 441 3383 voluntatibus
464 3322 593 3401 regnari
617 3332 724 3384 tamen
748 3343 858 3383 omnes
883 3319 1036 3383 volebant
1059 3318 1218 3383 libertatis

95 3404 270 3469 dulcedine
294 3407 439 3469 nondum
465 3419 610 3491 experta.
634 3409 730 3469 timor
754 3407 870 3469 deinde
887 3417 995 3489 patres
1011 3407 1152 3487 incessit,
1177 3424 1254 3471 ne4

94 3493 257 3554 civitatem
282 3495 349 3556 sine
372 3493 517 3576 imperio,
543 3494 721 3557 exercitum
747 3494 815 3555 sine
839 3493 921 3556 duee
935 3491 1106 3554 multarum
1132 3493 1219 3555 circa

94 3579 272 3641 civitatium
296 3580 433 3642 inritatis
457 3581 569 3642 animis
596 3581 645 3644 vis
670 3578 778 3664 aliqua
802 3589 937 3654 externa
959 3578 1151 3641 adoriretur.
1186 3588 1218 3642 et

94 3687 165 3727 esse
189 3665 287 3745 igitur
310 3664 440 3748 aliquod
466 3675 563 3748 eaput
585 3666 746 3749 placebat,
772 3675 804 3729 et
819 3687 914 3727 nemo
928 3662 1020 3726 alteri
1037 3664 1218 3727 concedere

93 3752 130 3814 in
160 3751 302 3812 animum
339 3750 522 3813 inducebat.
561 3752 605 3814 ita
638 3774 707 3814 rem
745 3752 830 3814 inter
868 3774 902 3814 se
942 3761 1069 3814 centum
1105 3760 1217 3834 patres

94 3837 208 3899 decern
226 3836 366 3899 decuriis
389 3836 481 3900 factis
498 3837 696 3922 singulisque
712 3839 744 3899 in
761 3836 903 3921 singulas
925 3837 1072 3900 decurias
1089 3838 1214 3919 creatis,
1234 3853 1252 3902 5
