2738 4146
113 144 133 204 6
545 158 654 208 arnna
671 159 692 208 1.
712 157 787 209 cnr.
807 161 831 208 a.
850 163 874 214 o.

131 340 368 399 4accusantes.
401 331 528 394 crimini
550 332 691 394 maxime
716 330 837 393 dabant
873 330 906 392 in
928 328 1106 394 Numitoris
1130 351 1227 414 agros
1252 330 1296 393 ab

165 418 205 482 iis
228 420 370 503 impetus
392 416 476 498 fieri,
508 416 583 481 inde
607 438 663 480 eos
687 414 824 479 collecta
846 417 999 480 iuvenum
1023 438 1120 480 manu
1143 415 1293 479 hostilem

165 504 198 566 in
220 505 353 569 modum
376 503 518 588 praedas
541 523 650 586 agere.
684 502 730 565 sic
751 501 913 565 Numitori
936 503 978 565 ad
1010 501 1207 587 supplicium
1230 502 1292 564 Re·

129 609 147 659 a
165 611 237 654 mus
261 589 400 653 deditur.
424 590 488 652 iam
510 589 587 651 inde
610 587 651 651 ab
675 588 765 650 initio
781 586 938 651 Faustulo
954 609 1029 672 spes
1045 591 1152 650 luerat
1167 590 1292 671 regiam

165 676 300 760 stirpem
323 675 411 759 apud
435 696 470 739 se
493 675 639 754 educa1·i;
670 696 745 736 nam
779 683 812 738 et
835 674 1001 758 expositos
1024 675 1114 736 iussu
1136 676 1222 757 regis
1245 677 1291 737 in-

162 760 269 825 fantes
291 761 472 825 sciebatet
493 769 632 845 tempus,
665 782 728 846 quo
763 759 832 844 ipse
866 782 921 824 eos
953 758 1146 835 sustulisset,
1182 760 1222 822 ad
1258 761 1292 822 id

164 847 271 932 ipsum
296 866 489 930 congruere3
527 846 586 909 sed
616 868 687 908 rem
719 846 922 908 immaturam
954 845 1016 909 nisi
1039 855 1095 909 aut
1117 868 1177 930 per
1200 866 1290 909 occa·

131 934 290 1004 saionem
322 942 379 996 aut
410 955 469 1016 per
502 933 731 995 necessitatem
763 933 890 1017 aperire
917 930 1075 994 noluerat.
1114 934 1294 995 necessitas

164 1019 253 1102 prior
275 1019 377 1100 venit,
401 1017 448 1082 ita
469 1027 558 1082 metu
581 1018 734 1081 subactus
756 1016 894 1080 Romulo
917 1039 987 1080 rem
1010 1018 1124 1102 aperit.
1152 1017 1235 1081 forte
1259 1027 1296 1081 et

164 1103 337 1181 Numitori,
361 1104 490 1167 cumin
514 1103 663 1189 custodia
683 1103 822 1168 Remum
844 1101 981 1167 haberet
1003 1103 1212 1188 audissetque
1235 1126 1292 1187 ge-

162 1191 269 1255 minos
293 1212 365 1254 esse
387 1189 513 1270 fratres,
537 1189 756 1274 comparando
780 1197 813 1252 et
835 1199 974 1253 aetatem
997 1211 1108 1253 eorum
1132 1197 1166 1253 et
1186 1191 1291 1274 ipsam

161 1278 293 1340 minime
316 1274 468 1340 servilem
501 1274 644 1339 indolem
671 1276 822 1358 tetigerat
845 1277 987 1338 animum
1010 1277 1167 1339 memoria
1189 1298 1289 1358 nepo-

161 1371 246 1444 tum,
270 1361 530 1446 sciscitandoque
561 1361 677 1425 eodem
700 1362 859 1445 pervenit,
885 1371 923 1425 ut
945 1361 1032 1424 hand
1055 1361 1169 1446 procul
1193 1372 1291 1439 esset,

127 1474 143 1522 7
164 1450 241 1532 quin
264 1447 402 1511 Remum
425 1447 649 1530 adgnosceret.
681 1447 727 1510 ita
743 1447 903 1532 undique
928 1448 999 1531 regi
1023 1446 1117 1511 dolus
1139 1449 1288 1511 nectitur.

162 1532 321 1598 Romulus
352 1555 417 1597 non
450 1555 523 1596 cum
553 1531 651 1616 globo
686 1533 839 1596 iuvenum
863 1569 903 1578 —
932 1555 993 1597 nec
1025 1534 1108 1597 enim
1145 1544 1214 1597 erat
1246 1535 1289 1596 ad

160 1621 226 1684 vim
261 1628 406 1705 apertam
444 1640 505 1704 par
535 1653 588 1698 —,
620 1618 678 1682 sed
713 1617 782 1680 aliis
815 1616 877 1682 alio
921 1620 1034 1682 itinere
1073 1621 1167 1682 iussis
1199 1632 1290 1683 certo

160 1715 311 1790 tempore
339 1705 381 1768 ad
405 1702 531 1787 ¹regiam
562 1705 674 1768 venire
701 1703 887 1789 pastoribus
917 1705 958 1768 ad
987 1727 1097 1788 regem
1129 1708 1287 1790 impetum

161 1790 247 1868 facit,
281 1801 314 1854 et
341 1813 360 1854 a
389 1790 486 1854 domo
513 1789 691 1854 Numitoris
719 1789 782 1854 alia
809 1801 995 1877 comparata
1026 1812 1123 1855 manu
1155 1792 1292 1855 adiuvat

162 1876 292 1940 Remus.
316 1876 362 1939 ita
383 1897 494 1959 regem
518 1875 722 1942 obtruncant.

126 1975 141 2022 1
265 1962 325 2026 VI.
348 1960 500 2025 Nu'mitor
522 1962 606 2025 inter
628 1964 767 2046 primum
795 1960 969 2025 tumultum
992 1961 1105 2025 hostes
1128 1963 1290 2026 invasisse

159 2047 275 2113 urbem
299 2057 396 2133 atque
413 2048 546 2111 adortos
561 2048 683 2130 regiam
702 2047 864 2129 dictitans,
888 2069 962 2111 cum
984 2046 1104 2132 pubem
1124 2049 1287 2112 Albanam

159 2134 192 2196 in
216 2155 324 2197 arcem
348 2133 511 2217 praesidio
546 2133 710 2217 armisque
743 2134 953 2196 obtinendam
987 2144 1167 2209 avocasset,
1195 2146 1286 2219 post-

159 2242 258 2305 quam
280 2220 414 2284 iuvenes
436 2228 624 2304 perpetrata
655 2219 755 2282 caede
786 2240 925 2304 pergere
956 2220 997 2282 ad
1026 2242 1062 2284 se
1085 2220 1289 2303 gratulantes

157 2306 250 2386 vidit,
274 2304 437 2390 extemplo
462 2305 621 2370 advocato
646 2304 781 2369 concilio
805 2305 929 2368 scelera
956 2307 988 2368 in
1011 2329 1045 2370 se
1068 2306 1185 2383 fratris,
1223 2309 1286 2369 ori-

158 2392 265 2474 ginem
288 2402 455 2476 nepotum,
479 2401 515 2454 ut
535 2391 645 2474 geniti,
668 2401 705 2455 ut
721 2391 859 2472 educati,
883 2400 920 2454 ut
935 2393 1055 2475 cogniti
1072 2401 1188 2471 essent,
1213 2414 1287 2453 cae·

123 2478 232 2541 zdem
257 2477 412 2561 deinceps
438 2478 567 2559 tyranni
589 2498 690 2562 seque
706 2477 774 2541 eius
791 2486 956 2541 auctorem
973 2479 1125 2542 ostendit.
1151 2479 1288 2542 iuvenes

158 2584 219 2647 per
241 2564 383 2626 mediam
406 2564 589 2627 contionem
617 2563 746 2646 agmine
776 2563 914 2647 ingressi
946 2586 1018 2627 cum
1053 2585 1150 2628 avum
1173 2585 1285 2648 regem

159 2647 365 2729 salutassent,
399 2659 510 2712 secuta
542 2669 584 2711 ex
616 2650 703 2712 omni
733 2649 941 2712 multitudine
979 2653 1184 2714 consentiens
1219 2673 1287 2714 vox

158 2744 265 2798 ratum
287 2756 407 2797 nomen
429 2735 667 2819 imperiumque
689 2736 759 2815 regi
782 2734 888 2798 efficit.

34 2896 36 2902 υ
124 2841 141 2890 3
184 2873 187 2876 ,
265 2819 317 2882 Ita
332 2817 495 2884 Numitori
511 2818 640 2882 Albana
658 2841 695 2883 re
710 2822 870 2902 permissa
885 2817 1059 2884 Romulum
1076 2820 1285 2907 Remumque

159 2904 278 2988 cupido
302 2906 390 2990 cepit
406 2906 438 2968 in
461 2906 500 2968 iis
524 2904 613 2985 locis,
636 2905 693 2968 ubi
716 2907 857 2990 expositi
879 2905 1001 2992 ubique
1026 2906 1154 2970 educati
1178 2919 1284 2981 erant,

156 2989 248 3054 urbis
272 2991 472 3055 condendae.
512 3002 544 3054 et
567 3001 736 3075 supererat
766 2991 941 3056 multitudo
966 2992 1168 3056 Albanorum
1195 2994 1285 3058 Lati-

155 3097 354 3162 norumque,
387 3077 427 3139 ad
452 3076 485 3139 id
509 3086 657 3161 pastores
681 3098 810 3162 quoque
844 3089 1057 3159 accesserant,
1091 3080 1146 3164 qui
1170 3102 1286 3145 omnes

155 3160 250 3225 facile
274 3185 366 3247 spem
389 3162 533 3226 facerent
555 3184 689 3247 parvam
704 3161 834 3244 Albam,
858 3186 996 3248 parvum
1011 3164 1184 3228 Lavinium
1203 3190 1286 3251 prae

121 3263 138 3311 4
156 3269 196 3311 ea
219 3247 311 3330 urbe,
336 3271 419 3332 quae
437 3248 643 3330 conderetur,
660 3248 740 3311 fore.
757 3250 931 3313 intervenit
948 3251 1065 3313 deinde
1088 3250 1138 3314 his
1163 3255 1284 3334 cogita·

154 3334 299 3398 tionibus
323 3335 445 3397 avitum
471 3333 601 3415 malum,
633 3335 727 3418 regni
755 3335 883 3418 cupide,
921 3345 1018 3422 atque
1043 3337 1119 3401 inde
1150 3338 1284 3402 foedum

130 3421 330 3507 scertamen,
355 3430 502 3484 coortum
527 3442 546 3483 a
577 3422 654 3484 satis
687 3421 755 3483 miti
777 3422 945 3506 principio.
980 3425 1132 3507 quoniam
1164 3427 1284 3508 gemini

156 3515 276 3586 essent,
300 3527 360 3569 nec
384 3507 498 3569 aetatis
528 3507 728 3571 verecundia
752 3507 926 3570 discrimen
958 3506 1066 3572 facere
1090 3522 1212 3593 posset,
1247 3523 1286 3576 ut

156 3591 211 3672 dii,
237 3613 375 3677 quorum
397 3591 519 3655 tutelae
543 3614 582 3655 ea
612 3591 699 3655 loca·
718 3602 833 3674 esseut,
869 3594 1013 3676 auguriis
1037 3594 1193 3678 legerent,
1228 3600 1284 3682 qui

154 3698 274 3740 nomen
297 3699 401 3740 novae
424 3678 498 3740 urbi
516 3678 617 3760 daret,
642 3678 697 3763 qui
714 3679 876 3741 conditam
899 3680 1034 3763 imperio
1058 3693 1197 3766 regeret,
1221 3685 1282 3748 Pa-

150 3761 266 3825 latium
291 3762 459 3846 Romulus,
484 3763 605 3827 Remus
629 3763 828 3828 Aventinum
851 3766 894 3828 ad
918 3767 1179 3851 inaugurandum
1202 3780 1282 3834 tem·

98 3874 100 3879 ·
126 3843 191 3920 pla
218 3849 365 3928 capiant,
1000 3895 1002 3898 >

1029 4074 1072 4107 dh
