2738 4146
89 173 154 232 210
390 163 500 233 31333
518 182 569 234 333.
588 180 664 233 cnr.
683 184 726 232 33.
745 178 780 246 [a.
798 179 831 231 u
850 196 874 230 3.
892 177 964 248 soa).

557 875 606 987 Τ.
643 873 801 984 LIVII

320 1064 417 1139 AB
454 1063 658 1137 URBE
700 1061 1042 1138 CONDITA

442 1214 680 1280 LIBRORUM
703 1213 763 1277 III.
786 1213 845 1278 IV.
871 1214 927 1278 VI.

366 1350 613 1418 PARTES
651 1349 993 1424 SELEOTAE.

88 1627 142 1701 De
167 1627 361 1693 decemviris
383 1624 511 1711 legibus
534 1625 726 1706 scribendis,
760 1627 801 1691 de
834 1627 936 1691 caede
958 1625 1136 1710 Verginiae
1167 1649 1205 1692 ac
1231 1622 1266 1690 dc

88 1730 128 1796 L.
151 1731 283 1797 Valerio
311 1730 356 1794 M.
388 1730 526 1794 Horatio
560 1728 747 1794 consulibus
788 1739 863 1816 post
899 1729 1140 1795 decemviratus
1176 1730 1266 1795 finem

424 1837 425 1840 ’
492 1834 618 1897 3333313.
645 1832 708 1916 ΠΙ,
732 1836 870 1898 33-55.

101 2009 115 2057 1
245 1986 409 2051 XXXIII.
446 1986 542 2051 Anno
578 1989 807 2051 trecentesimo
851 1986 963 2066 altero,
1006 2009 1104 2072 quam
1146 1990 1269 2053 condita

140 2073 245 2138 Roma
268 2083 347 2155 erat,
379 2073 499 2136 iterum
531 2081 676 2137 mutatur
706 2073 812 2138 forma
835 2075 984 2154 civitatis,
1017 2073 1058 2138 ab
1088 2074 1270 2140 consulibus

142 2159 183 2223 ad
208 2160 421 2240 decemviros,
445 2159 721 2243 quemadmodum
744 2158 786 2223 ab
811 2158 943 2243 regibus
966 2168 1041 2223 ante
1066 2159 1109 2224 ad
1125 2160 1270 2226 consules

100 2264 117 2312 3
140 2255 284 2321 3333333,
308 2245 464 2309 translato
482 2246 629 2329 imperio.
652 2247 758 2322 minus
774 2247 919 2329 insignis,
940 2247 1017 2332 quia·
1030 2268 1096 2310 non
1112 2245 1271 2328 diuturna,

140 2334 275 2396 mutatio
291 2346 293 2351 '
307 2332 377 2395 fuit.
415 2330 501 2395 13333
533 2332 617 2395 onim
650 2333 808 2418 principia
838 2333 1047 2416 magistratus
1080 2333 1150 2397 eius
1181 2334 1272 2398 nimis

140 2418 362 2499 luxuriavere3
396 2440 434 2480 30
459 2419 553 2482 013133
576 2417 668 2502 lapsa
689 2440 742 2482 res
770 2427 830 2498 333,
861 2419 1115 2503 repetitumque,
1147 2419 1272 2485 duobus

100 2507 187 2569 auti
210 2505 422 2569 mandaretur
453 2502 622 2567 consulum
656 2525 774 2567 nomen
807 2505 1055 2590 imperiumque.
1095 2504 1271 2571 decemviri

141 2593 241 2655 creati
265 2590 329 2676 Ap.
355 2587 521 2670 Claudius,
545 2588 582 2651 Τ.
609 2587 785 2662 Genucius,
820 2589 855 2653 P.
881 2589 1015 2672 Sestius,
1047 2589 1086 2655 L.
1109 2590 1272 2673 Veturius,

142 2675 179 2740 O.
195 2675 307 2757 Iulius,
324 2676 364 2739 A.
381 2675 531 2757 Manlius,
556 2676 591 2738 P.
608 2674 781 2760 Sulpicius,
803 2676 839 2739 P.
857 2675 1029 2757 Curiatius,
1051 2676 1089 2742 Τ.
1105 2676 1272 2758 Romilius,

101 2777 119 2826 4
142 2761 197 2846 Sp.
220 2761 415 2825 Postumius.
440 2760 576 2826 Claudio
600 2771 633 2826 33
657 2760 813 2844 Genucio,
844 2763 920 2848 quia
943 2763 1103 2845 designati
1126 2763 1274 2830 consules

141 2849 174 2912 in
197 2871 272 2912 eum
293 2870 413 2911 annum
434 2847 573 2925 fuerant,
596 2869 656 2932 pro
673 2847 796 2912 honore
812 2849 915 2913 honos
931 2849 1088 2930 redditus,
1110 2858 1144 2913 33
1160 2849 1274 2933 Sestio,

142 2934 237 2998 alteri
261 2932 428 2997 consulum
452 2935 569 3018 prioris
593 2934 679 3015 anni,
712 2935 798 3019 quod
823 2957 895 2998 eam
922 2957 992 2999 rem
1015 2934 1154 3020 conlega
1175 2937 1274 3001 133130

101 3020 184 3088 oad
216 3030 327 3105 patres
358 3018 538 3084 rettulerat.
583 3020 633 3084 his
665 3021 805 3105 proximi
837 3021 939 3084 additi
970 3019 1070 3104 legati
1103 3033 1183 3102 tres,
1222 3024 1275 3109 qui
1308 3059 1311 3067 ·

141 3106 296 3178 Athenas¹
327 3107 442 3187 ierant,
481 3105 576 3169 simul
613 3116 649 3169 33
687 3128 746 3191 pro
783 3105 947 3190 legatione
992 3118 1058 3172 tam
1098 3106 1276 3195 longinqua

142 3193 288 3279 praemio
313 3201 399 3255 33333
415 3190 527 3273 130303,
551 3191 646 3257 simul
663 3193 749 3278 quod
766 3194 888 3277 peritos
904 3191 1012 3277 legum
1029 3196 1275 3279 peregriuarum

101 3279 184 3343 sad
216 3278 387 3342 condenda
416 3299 503 3342 nova
535 3279 607 3342 iura
637 3280 709 3342 usui
746 3279 817 3343 fore
848 3279 1037 3344 credebant.
1077 3279 1276 3367 supplevere

143 3365 241 3429 ceteri
273 3387 452 3428 numerum.
491 3387 609 3448 graves
643 3386 772 3449 quoque
804 3374 911 3430 333333
943 3364 1067 3430 3133303
1088 3368 1276 3432 novissimis

142 3451 303 3535 suffragiis
325 3450 441 3532 ferunt,
467 3473 531 3535 quo
554 3452 660 3515 minus
682 3451 836 3515 ferociter
859 3450 995 3516 aliorum
1018 3453 1107 3517 scitis
1122 3453 1276 3519 adversa·

102 3552 117 3601 ‘1
140 3547 261 3602 rentur.
285 3536 430 3619 regimen
452 3538 550 3601 totius
573 3538 780 3620 magistratus
796 3559 898 3622 penes
913 3537 1060 3623 Appium
1077 3549 1147 3603 erat
1163 3539 1277 3606 favore

141 3622 262 3708 plebis3
285 3623 434 3708 adeoque
457 3645 577 3687 novum
604 3623 665 3687 sibi
687 3624 852 3706 ingenium
874 3624 1034 3706 induerat,
1059 3635 1095 3689 ut
1110 3624 1277 3712 plebicola

110 3779 114 3786 ,
141 3721 277 3795 repente
311 3711 480 3794 omnisque
514 3730 613 3773 aurae
644 3709 810 3796 popularis
844 3719 990 3793 captator
1023 3711 1182 3778 evaderet
1213 3735 1274 3798 pro

91 3796 222 3859 atroci
242 3795 411 3883 saevoque
438 3796 633 3860 insectatore
665 3795 780 3882 plebis.
820 3797 947 3861 decimo
982 3795 1036 3861 die
1066 3799 1118 3862 ius
1151 3798 1275 3886 populo

119 3881 248 3967 singuli
278 3883 481 3950 reddebant.
524 3905 562 3951 30
597 3883 651 3949 die
687 3905 790 3970 33333
817 3881 1019 3968 3333133333
1050 3883 1132 3950 iuris
1168 3885 1275 3965 133333
