2738 4146
78 150 86 157 ·
122 129 163 189 aa
545 143 729 194 Pnarocaa
748 145 843 193 Luam
865 145 887 193 1.

174 313 280 378 relatu
304 314 518 399 scriptoribus
541 314 650 378 facilia
672 314 799 393 subicit,
822 314 1008 377 memoratis
1024 313 1187 375 incensam
1204 311 1314 375 multi·

175 401 321 464 tudinem
344 400 497 485 perpulit,
524 411 559 464 ut
573 402 746 486 imperium
761 401 831 483 regi
847 399 1023 483 abrogaret
1039 398 1220 482 exulesque
1237 421 1313 463 esse

124 507 157 555 12
175 486 302 550 iuberet
316 487 355 549 L.
369 487 581 571 Tarquinium
597 509 670 550 cum
687 487 823 568 coniuge
840 507 877 549 ac
893 485 1013 549 liberis.
1029 486 1100 566 ipse
1115 483 1312 560 iunioribus,
1326 555 1330 562 .

176 574 231 657 qui
252 572 338 635 ultro
361 575 491 635 nomina
516 572 646 649 dabant,
675 571 769 635 lectis
793 573 990 655 armatisque
1014 569 1056 633 ad
1080 571 1311 634 concitandum

174 658 250 721 inde
275 659 432 722 adversus
456 681 567 742 regem
591 659 769 722 exercitum
793 658 937 721 Ardeam
965 658 997 718 in
1026 665 1132 719 castra
1159 665 1210 719 est
1235 679 1313 741 pro·

174 744 295 825 fectus3
316 745 489 830 imperium
512 747 544 807 in
567 745 648 808 urbe
670 744 834 824 Lucretio,
857 742 1023 828 praefecto
1046 741 1137 805 urbis
1153 743 1217 805 iam
1234 754 1312 808 ante

123 853 156 901 13
175 829 216 892 ab
248 852 337 918 rege,
357 830 516 909 instituto,
550 830 712 916 relinquit.
752 831 836 893 inter
875 829 958 891 lrunc
995 827 1170 892 tumultum
1202 827 1315 892 Tullia

175 916 272 979 domo
306 915 452 1000 profugit
484 918 720 994 execrantibus,
759 937 964 1001 quacumque
998 914 1180 994 incedebat,
1221 916 1313 979 invo-

174 1002 389 1087 cantibusque
414 1012 587 1086 parentum
609 1003 709 1065 turias
732 1002 809 1065 viris
832 1000 1099 1084 mulieribusque.

140 1100 154 1147 1
277 1087 350 1150 LX.
378 1087 504 1150 Harum
533 1109 642 1150 rerum
669 1088 788 1150 nuntiis
816 1088 849 1150 in
877 1097 982 1150 castra
1008 1085 1140 1169 perlatis
1169 1106 1242 1148 cum
1274 1109 1312 1150 re

120 1209 122 1213 ·
173 1194 259 1236 nova
281 1174 429 1258 trepidus
457 1196 516 1236 rex
539 1184 692 1257 pergeret
707 1174 842 1235 Romam
866 1173 907 1234 ad
924 1172 1172 1256 conprimendos
1189 1184 1310 1256 motus,

173 1257 266 1321 flexit
287 1261 373 1322 viam
396 1259 516 1322 Brutus
530 1295 571 1306 --
590 1272 736 1323 senserat
760 1261 845 1322 enim
868 1258 1043 1321 adveutum
1058 1294 1111 1335 —,
1127 1279 1168 1320 ne
1192 1256 1312 1323 obvius

172 1344 280 1424 fieret3
319 1345 502 1430 eodemque
535 1345 602 1410 fere
635 1354 783 1431 tempore
816 1344 952 1407 diversis
986 1342 1154 1407 itineribus
1186 1342 1312 1409 Brutus

138 1429 328 1510 aArdeam,
362 1431 556 1516 Tarquinius
589 1430 725 1494 Romam
758 1439 926 1494 venerunt.
965 1429 1141 1515 Tarquinio
1178 1428 1311 1495 clausae

173 1527 289 1601 portae
313 1515 509 1602 exiliumque
533 1518 702 1599 indictum,
737 1516 944 1580 liberatorem
968 1515 1057 1578 urbis
1085 1515 1172 1578 laeta
1202 1527 1312 1580 castra

176 1624 343 1687 accepere,
368 1607 540 1689 exactique
555 1605 630 1666 inde
646 1602 741 1666 liberi
757 1605 852 1686 reg-is.
877 1603 942 1665 duo
959 1611 1086 1686 patrem
1103 1604 1206 1664 secuti
1225 1614 1310 1680 suut,

196 1689 229 1751 ui
262 1688 429 1753 exulatum
462 1688 565 1753 Caere
598 1691 630 1752 in
662 1690 818 1752 Etruscos
850 1689 967 1751 ierunt.
1000 1686 1077 1751 Sex.
1111 1687 1311 1774 Tarquinius

175 1711 299 1838 iiabios
331 1784 498 1861 tamquam
529 1776 561 1837 in
593 1798 687 1838 suum
718 1795 855 1858 regnum
881 1772 1047 1858 profectus
1077 1773 1118 1837 ab
1147 1773 1310 1839 ultoribus

172 1868 321 1924 veterum
345 1860 564 1940 simultatium,
588 1883 669 1946 quas
685 1861 746 1924 sibi
769 1862 839 1945 ipse
857 1859 1012 1923 caedibus
1029 1861 1217 1944 rapinisque
1234 1883 1310 1924 con-

147 1947 283 2024 scierat,
308 1955 358 2010 est
373 1947 570 2012 interfectus.
594 1947 633 2010 L.
650 1948 844 2029 Tarquinius
860 1944 1028 2029 Superbus
1045 1948 1193 2028 regnavit
1208 1968 1311 2012 annos

173 2033 316 2117 quinque
334 2041 366 2096 et
380 2035 503 2116 viginti.
526 2041 697 2115 regnatum
713 2033 835 2096 Romae
851 2032 892 2095 ab
910 2033 1041 2095 condita
1055 2033 1137 2095 urbe
1161 2033 1204 2095 ad
1223 2031 1309 2096 libe-

173 2128 278 2180 ratam
300 2139 401 2181 annos
433 2120 587 2183 ducentos
618 2119 833 2204 quadraginta
865 2127 1026 2202 quattuor.
1067 2117 1130 2180 duo
1159 2118 1311 2183 consules

136 2204 249 2276 4inde
272 2205 409 2267 comitiis
433 2206 620 2268 centuriatis
643 2227 662 2266 a
685 2204 850 2290 praefecto
879 2203 968 2266 urbis
998 2226 1040 2265 ex
1067 2207 1309 2270 commentariis

173 2288 267 2439 {ervi
293 2289 379 2353 Tulli
407 2293 507 2354 creati
530 2302 613 2373 sunt,
644 2291 682 2354 L.
706 2291 818 2354 Iunius
841 2290 962 2352 Brutus
991 2303 1024 2352 et
1045 2288 1084 2353 L.
1112 2290 1310 2375 Tarquinius

203 2375 372 2440 onlatinus.
591 2383 593 2386 ⁴

614 2588 797 2597 -—-—-

409 2874 747 2948 PERIOCHA
776 2875 955 2947 LIBRI
983 2875 1014 2948 I.

224 3061 396 3125 Adventus
419 3061 552 3124 Aeneae
574 3061 607 3122 in
621 3060 749 3124 Italiam
765 3070 797 3124 et
812 3083 864 3125 res
880 3071 1003 3143 gestae.
1021 3060 1155 3125 Ascanii
1171 3084 1310 3146 regnum

121 3147 230 3213 Albae
256 3158 289 3211 et
312 3147 403 3211 Silvii
426 3156 458 3211 et
482 3147 635 3232 deinceps
659 3146 840 3211 Siluiorum.
869 3145 1046 3210 Numitoris
1068 3147 1136 3211 filia
1157 3150 1224 3213 nati
1247 3150 1310 3215 Ro·

121 3234 229 3299 mulus
253 3245 286 3298 et
308 3234 438 3297 Remus.
461 3231 610 3296 Amulius
632 3232 852 3296 obtruncatus.
875 3231 963 3296 Urbs
980 3231 1151 3298 aRomulo
1169 3237 1308 3301 condita.

122 3333 253 3386 senatus
282 3320 397 3383 lectus.
437 3341 508 3383 cum
532 3318 659 3382 Sabinis
687 3318 854 3382 bellatum.
893 3318 996 3401 spolia
1026 3320 1134 3402 opima
1161 3320 1309 3388 Feretrio

120 3407 192 3472 lovi
214 3406 290 3470 lata.
313 3408 346 3469 in
369 3407 474 3470 curias
497 3404 638 3490 populus
662 3405 796 3468 divisus.
829 3404 1016 3475 Fidenates,
1042 3404 1196 3470 Veientes
1220 3411 1308 3473 victi.

121 3493 281 3558 Romulus
305 3501 523 3556 consecratus.
547 3491 653 3554 Numa
676 3489 855 3575 Pompilius
878 3491 959 3554 ritus
980 3512 1147 3555 sacrorum
1164 3494 1307 3560 tradidit.

121 3590 218 3666 porta
240 3580 311 3642 Iani
333 3578 452 3642 clausa.
490 3576 603 3641 Tullus
626 3576 784 3640 Hostilius
807 3575 953 3639 Albanos
986 3577 1127 3662 diripuit.
1164 3580 1308 3664 trigemi-

122 3688 239 3731 norum
262 3687 381 3750 pugna.
421 3664 513 3726 Metti
535 3663 655 3726 Fufetii
685 3662 889 3748 supplicium.
929 3662 1042 3726 Tullus
1070 3663 1204 3730 fulmine
1234 3690 1308 3732 con·

124 3762 282 3837 sumptus.
321 3751 431 3813 Ancus
469 3749 606 3812 Martius
644 3748 778 3811 Latinos
816 3749 945 3828 devicit,
985 3747 1112 3814 Ostiam
1151 3752 1307 3818 condidit

115 3837 316 3917 Tarquinius
341 3836 477 3899 Priscus
504 3835 640 3899 Latinos
671 3836 846 3920 superavit,
882 3835 1002 3898 circum
1034 3836 1122 3918 fecit,
1154 3835 1308 3906 finitimos
