2738 4146
344 120 455 169 mann
473 122 494 169 1.
514 121 589 170 oar.
608 125 648 171 ar.
668 125 710 171 as.
731 120 766 187 [a.
784 122 816 171 u.
837 138 859 171 ο.
879 120 1006 187 ar-rrr]
1226 107 1265 162 25

89 303 125 357 nt
156 291 273 356 nudari
304 289 407 354 latera
438 312 497 355 sua
534 293 692 355 sociorum
732 291 881 372 digressu
918 300 1103 371 senserunt;
1139 291 1215 354 inde

92 400 192 464 eques
217 378 314 441 citato
338 396 422 460 equo
445 379 571 440 nuntiat
593 378 662 459 regi
685 377 776 439 abire
799 376 956 440 Albanos.
990 375 1101 438 Tullus
1124 376 1157 438 in
1178 398 1215 439 re

90 463 220 548 trepida
249 461 421 525 duodecim
453 465 544 526 vovit
575 462 679 526 Salios
708 462 849 546 fanaque
872 461 993 525 Pallori
1024 483 1063 524 ac
1085 462 1213 526 Pavori.

91 550 235 633 equitem
259 545 346 611 clara
367 549 538 632 increpans
562 569 653 627 voce,
684 556 721 611 ut
742 547 853 610 hostes
877 548 1079 626 exaudirent,
1107 547 1249 612 redires

90 635 124 697 in
146 631 307 718 proelium
328 633 432 696 iubet:
466 632 546 696 nihil
569 632 786 719 trepidatione
810 653 891 716 opus
915 653 1002 714 esse3
1035 653 1092 695 suo
1124 633 1215 695 iussu

92 717 292 782 circumduci
315 717 479 781 Albanum
503 720 691 799 exercitum,
725 727 760 781 ut
782 718 989 780 Fidenatium
1011 719 1100 780 nuda
1121 726 1215 800 terga

91 805 261 868 invadant:
286 805 362 866 item
388 805 535 888 imperat,
558 813 595 867 ut
617 803 727 866 hastas
752 804 877 888 equites
901 805 1071 885 erigerent.
1096 802 1128 864 id
1149 802 1213 865 fac·
1233 821 1248 868 9

91 901 161 953 tum
184 910 320 971 magnae
335 890 420 973 parti
435 889 582 975 peditum
598 889 818 952 Romanorum
834 897 1042 972 conspectum
1066 888 1214 951 abeuntis

91 973 212 1038 Albani
243 976 403 1038 exercitus
439 975 657 1059 intersaepsit3
691 974 746 1058 qui
779 973 938 1054 viderant,
969 973 1012 1049 id,
1052 972 1140 1058 quod
1174 971 1215 1035 ab

92 1082 171 1143 rege
194 1059 339 1122 auditum
362 1069 441 1140 erat,
465 1060 537 1141 rati,
562 1080 600 1122 eo
623 1059 730 1122 acrius
753 1067 907 1143 pugnant.
930 1067 1036 1121 terror
1051 1059 1091 1120 ad
1107 1058 1217 1121 hostes

93 1145 222 1208 transit:
259 1151 293 1207 et
321 1144 513 1207 audiverant
545 1143 633 1207 clara
663 1165 745 1208 voce
779 1145 911 1223 dictum,
945 1153 977 1206 et
1004 1165 1120 1226 magna
1142 1165 1218 1227 pars

85 1229 308 1311 Fidenatium,
340 1239 378 1293 ut
409 1232 464 1316 qui
496 1228 600 1294 coloni
635 1230 736 1292 additi
768 1229 921 1292 Romanis
953 1239 1069 1307 essent,
1102 1228 1218 1292 Latine

93 1315 249 1379 sciebant.
271 1315 391 1400 itaque,
426 1338 466 1379 ne
500 1315 606 1379 subito
631 1336 673 1377 ex
696 1314 831 1378 collibus
855 1314 996 1377 decursu
1017 1312 1218 1377 Albanorum
1236 1333 1269 1379 10

92 1399 388 1465 intercluderentur
424 1400 465 1464 ab
506 1401 636 1484 oppido,
674 1409 767 1482 terga
797 1408 937 1463 vertunt.
975 1400 1073 1462 instat
1104 1397 1219 1462 Tullus

95 1487 234 1571 fusoque
256 1485 463 1549 Fidenatium
499 1508 601 1550 cornu
631 1487 663 1547 in
679 1486 849 1548 Veientem
873 1484 977 1547 alieno
1001 1506 1122 1569 pavore
1146 1506 1219 1567 per-

95 1569 221 1635 culsum
242 1570 383 1634 ferocior
404 1571 498 1634 redit.
522 1592 582 1635 nec
604 1570 651 1634 illi
673 1570 777 1634 tulere
792 1573 958 1655 impetum,
984 1569 1042 1633 sed
1058 1568 1099 1632 ab
1117 1569 1220 1632 effusa

92 1656 172 1738 fuga
192 1655 313 1718 flumen
336 1655 499 1720 obiectum
522 1657 563 1719 ab
586 1666 678 1739 tergo
702 1655 843 1719 arcebat.
869 1676 932 1739 quo
953 1665 1125 1739 postquam
1142 1655 1220 1737 fuga

92 1739 272 1824 inclinavit,
295 1740 348 1805 alii
371 1763 461 1805 arma
481 1742 578 1806 foede
600 1742 759 1804 iactantes
782 1743 815 1805 in
832 1763 948 1825 aquam
966 1741 1054 1802 caeci
1069 1740 1221 1820 ruebant,

94 1825 157 1906 alii,
183 1826 260 1889 dum
284 1837 475 1890 cunctantur
504 1828 535 1888 in
568 1827 658 1911 ripis,
692 1828 776 1889 inter
807 1826 903 1908 fugae
926 1846 1120 1909 pugnaeque
1145 1846 1218 1887 con·

95 1911 201 1976 silium
227 1909 382 1994 oppressi.
420 1934 483 1976 non
507 1911 570 1975 alia
592 1923 665 1975 ante
687 1911 833 1973 Romana
854 1932 963 1995 pugna
985 1912 1126 1973 atrocior
1148 1909 1216 1972 fuit.

196 1991 356 2060 XXVIII.
380 1996 462 2060 Tum
486 1996 632 2061 Albanus
657 1998 827 2077 exercitus,
844 2005 1007 2080 spectator
1023 1995 1216 2075 certaminis,
1237 2003 1250 2047 1
1275 1980 1312 2043 *ll

95 2081 255 2146 deductus
286 2082 319 2144 in
351 2105 491 2166 campos.
530 2083 661 2145 Mettius
684 2081 778 2145 Tullo
808 2082 952 2145 devictos
977 2080 1087 2143 hostes
1110 2089 1217 2162 gratu-

93 2166 194 2248 latur;
218 2177 329 2231 contra
350 2166 464 2231 Tullus
488 2167 637 2231 Mettium
661 2167 801 2251 benigne
817 2167 1011 2251 adloquitur.
1030 2165 1116 2248 quod
1135 2165 1216 2228 bene

93 2260 209 2333 vertat,
232 2262 339 2316 castra
359 2252 507 2317 Albanos
529 2253 682 2315 Romanis
707 2254 820 2315 castris
836 2253 969 2328 iungere
984 2250 1089 2330 iubet,
1114 2251 1213 2313 sacri·

95 2337 206 2400 ficium
228 2336 362 2402 lustrale
385 2339 416 2402 in
442 2338 527 2402 diem
551 2348 717 2424 posterum
740 2349 842 2420 parat.
867 2337 923 2399 ubi
946 2334 1071 2415 inluxit,
1097 2336 1253 2419 paratis2

96 2423 255 2505 omnibus,
289 2434 325 2486 ut
347 2422 482 2505 adsolet,
514 2423 625 2487 vocari
655 2424 695 2486 ad
720 2423 902 2486 contionem
925 2431 1099 2505 utrumque
1122 2442 1215 2483 exer-

99 2509 197 2571 citum
220 2507 319 2572 iubet.
357 2530 535 2594 praecones
569 2508 610 2570 ab
641 2517 787 2572 extremo
822 2508 885 2571 orsi
920 2506 1043 2588 primos
1074 2505 1223 2569 excivere

96 2593 250 2657 Albanos.
285 2593 318 2656 hi
348 2593 492 2658 novitate
524 2596 621 2656 etiam
654 2594 703 2655 rei
727 2591 814 2672 moti,
845 2601 882 2654 ut
903 2612 1014 2674 regem
1036 2588 1219 2651 Romanum

97 2681 334 2743 contionantem
366 2679 524 2758 audirent,
557 2679 698 2763 proximi
736 2677 918 2740 constitere.
958 2696 1000 2737 ex
1039 2675 1249 2758 composit03

95 2775 219 2828 armata
255 2765 473 2827 circumdatur
508 2764 653 2827 Romana
690 2761 788 2844 legio;
827 2759 1070 2826 centurionibus
1108 2759 1219 2823 datum

95 2851 260 2932 negotium
284 2860 363 2930 erat,
386 2859 422 2913 ut
444 2850 511 2912 sine
534 2871 627 2912 mora
649 2848 786 2932 imperia
802 2855 1067 2931 exsequerentur.
1092 2854 1159 2907 tum
1176 2845 1260 2906 itas,

94 2933 208 2998 Tullus
229 2933 312 2997 infit:
339 2935 502 3016 ,Romani
535 2935 561 2996 si
594 2956 747 3018 umquam
782 2941 856 2996 ante
888 2930 966 2992 alias
989 2929 1054 2992 ullo
1078 2931 1110 2991 in
1133 2927 1219 2992 bello

93 3021 164 3101 fuit,
189 3020 277 3104 quod
300 3023 437 3104 primum
462 3019 511 3082 dis
534 3017 772 3082 immortalibus
796 3017 915 3100 gratias
933 3017 1083 3098 ageretis,
1102 3013 1220 3078 deinde

93 3115 223 3171 vestrae
247 3106 392 3188 ipsorum
415 3105 533 3183 virtuti,
568 3105 755 3166 hesternum
779 3103 811 3163 id
835 3101 993 3186 proelium
1016 3099 1087 3176 fuit.
1128 3098 1219 3161 dimi·

94 3199 203 3254 catum
227 3201 275 3254 est
298 3191 381 3253 enim
405 3212 468 3254 non
491 3190 595 3272 magis
620 3210 693 3262 cum
718 3188 864 3250 hostibus
889 3208 997 3271 quam,
1022 3206 1104 3269 quae
1128 3184 1220 3246 dimi·

95 3277 178 3339 catio
203 3277 305 3338 maior
327 3285 425 3360 atque
448 3274 661 3360 periculosior
685 3282 744 3352 est,
780 3295 851 3334 cum
879 3271 1063 3356 proditione
1086 3290 1124 3331 ac
1148 3290 1219 3353 per-

93 3361 172 3425 fidia
194 3361 366 3425 sociorum.
389 3382 474 3442 nam,
497 3382 537 3423 ne
560 3381 622 3423 vos
644 3357 726 3428 falsa
743 3359 851 3441 opinio
867 3365 984 3435 teneat,
1008 3355 1131 3417 iniussu
1146 3374 1219 3417 meo
1238 3364 1253 3410 5

93 3445 214 3510 Albani
237 3445 366 3510 subiere
391 3446 431 3508 ad
455 3455 591 3522 montes,
627 3467 687 3507 nec
709 3443 884 3527 imperium
906 3440 986 3503 illud
1010 3461 1128 3519 meum,
1161 3438 1218 3502 sed

94 3531 262 3598 consilium
286 3540 318 3595 et
339 3532 468 3616 imperii
490 3528 649 3592 simulatio
667 3529 736 3609 fuit,
759 3537 795 3590 ut
810 3549 871 3589 nec
886 3526 979 3589 vobis
997 3522 1220 3607 ignorantibus

94 3612 203 3682 deseri
224 3638 283 3681 vos
306 3625 509 3680 averteretur
530 3637 550 3677 a
573 3613 749 3677 certamine
786 3614 968 3695 animuslet
990 3609 1139 3672 hostibus
1159 3608 1222 3671 'cir-

92 3699 275 3768 cumveniri
295 3722 332 3767 se
354 3701 395 3775 ab
419 3710 511 3784 tergo
534 3699 613 3764 ratis
647 3709 755 3762 terror
778 3719 817 3760 ac
841 3697 917 3779 fuga
940 3696 1123 3757 iniceretur.
1161 3706 1257 3755 neco

92 3786 134 3857 6⁸
163 3786 269 3875 culpa,
305 3798 404 3875 quam
435 3806 547 3871 argue,
586 3784 730 3848 omnium
769 3781 984 3846 Albanorum
1013 3789 1088 3851 ess,
1117 3777 1249 3831 Quam
