2738 4146
90 138 149 195 194
322 130 431 199 nisan
448 148 532 197 xxn.
552 147 628 200 cnr.
646 151 689 198 rs.
706 149 748 196 re.
766 150 808 197 rr.
828 145 862 215 [a.
880 145 913 197 u.
931 162 953 196 s.
972 145 1043 214 secl.

126 318 277 406 pedites,
309 319 352 382 ad
374 319 518 382 medium
549 318 649 380 iuncti
682 314 864 399 legionibus
887 316 1051 400 Romanis,
1083 327 1269 399 tenuerunu

129 405 332 471 ¹iaculatores
355 428 429 469 cum
445 404 562 468 ceteris
585 401 706 468 levium
722 423 886 466 armorum
903 401 1031 465 auxiliis
1055 403 1163 486 prima
1186 403 1269 468 acies

98 491 232 556 efacta.
266 490 415 555 consules
439 510 560 554 cornua
582 498 726 571 tenuere,
749 487 922 552 Terentius
945 485 1087 570 laevum,
1109 487 1270 553 Aemilius

139 578 306 656 dextrum3
331 576 469 641 Gemino
492 574 629 640 Servilio
653 574 761 637 media
783 596 893 658 pugna
913 574 1038 638 tuenda
1061 574 1146 639 data.

97 684 111 730 1
240 663 362 728 XLVI.
394 661 560 726 Hannibal
591 659 663 725 luce
694 661 799 744 prima
830 658 1013 724 Baliaribus
1045 659 1177 748 levique
1209 659 1271 724 alia

138 759 304 814 armatura
325 750 504 833 praemissa
527 756 750 830 transgressus
773 745 903 828 flumen,
934 755 971 811 ut
993 768 1143 832 quosque
1166 757 1270 814 trans·

98 850 114 897 a
139 835 288 919 duxerat,
320 835 364 898 ita
398 836 430 897 in
463 835 533 898 acie
565 831 705 913 locabat,
739 830 852 896 Gallos
879 831 1112 918 Hispanosque
1144 835 1270 919 equites

137 943 242 1007 prope
264 923 371 1007 ripam
393 920 488 984 laevo
511 921 545 982 in
567 941 669 984 cornu
691 919 849 982 adversus
872 918 1055 994 Romanum
1078 920 1269 1005 equitatum,

97 1021 113 1069 a
139 1008 291 1072 dextrum
315 1028 417 1071 cornu
432 1005 581 1069 Numidis
598 1005 762 1090 equitibus
786 1004 907 1085 datum,
931 1004 1040 1069 media
1057 1006 1130 1070 acie
1153 1006 1270 1091 pediti·

137 1092 199 1157 bus
222 1092 359 1171 firmata,
389 1094 436 1157 ita
457 1102 493 1157 ut
516 1091 670 1155 Afrorum
700 1101 838 1176 utraque
870 1103 993 1156 cornua
1024 1101 1144 1176 essent,
1175 1093 1272 1158 inter·

96 1197 114 1242 4
137 1189 336 1263 ponerentur
366 1177 417 1243 his
439 1177 539 1242 medii
563 1175 653 1241 Galli·
676 1186 775 1262 atque
798 1177 944 1261 Hispani.
968 1175 1067 1241 Afros
1090 1178 1271 1244 Romanam

49 1276 51 1280 ‘
138 1266 289 1330 crederes
321 1265 440 1346 aciem;
479 1265 524 1327 ita
555 1264 669 1326 armati
702 1271 795 1327 erant
830 1263 929 1326 armis
961 1272 994 1327 et
1031 1262 1074 1327 ad
1104 1263 1269 1346 Trebiam,

97 1362 283 1416 coeterum
313 1371 431 1434 magna
445 1359 504 1414 'ex
538 1359 630 1433 parte
661 1349 703 1412 ad
735 1348 993 1413 Trasumennum
1025 1351 1141 1434 captis.
1167 1349 1270 1415 Gallis

138 1436 359 1522 Hispanisque
385 1445 476 1500 scuta
499 1434 646 1499 eiusdem
673 1434 797 1498 formae
819 1433 889 1499 fere
923 1445 1024 1516 erant,
1061 1436 1111 1500 dis
1136 1458 1212 1504 ares
1234 1458 1272 1502 ac

138 1521 311 1586 dissimiles
334 1521 443 1606 gladii,
468 1520 571 1585 Gallis
602 1520 773 1605 praelongi
803 1542 842 1585 ac
875 1521 945 1586 sine
967 1459 1190 1607 mucronibus,
1213 1521 1272 1587 Hi·

138 1630 250 1694 spano,
273 1609 420 1694 punctim
442 1609 546 1691 magis
569 1628 666 1692 quarn
690 1607 810 1670 caesim
832 1606 969 1672 adsueto
994 1617 1107 1693 petere
1130 1607 1271 1692 hostem,

136 1693 299 1759 brevitate
336 1692 461 1759 habiles
494 1704 527 1757 et
557 1716 630 1758 cum
662 1691 881 1757 mucronibus.
919 1702 995 1758 ante
1025 1693 1107 1759 alios
1140 1694 1273 1760 habitus

137 1782 283 1866 gentium
305 1779 418 1846 harum
447 1802 520 1844 cum
544 1779 766 1863 magnitudine
787 1800 961 1865 corporum
984 1791 1052 1845 tum
1075 1783 1187 1864 specie
1209 1793 1274 1846 ter·

98 1865 241 1931 cribilis
279 1877 359 1932 erat.
399 1864 485 1930 Galli
523 1886 623 1948 super
659 1863 846 1930 umbilicum
879 1874 971 1930 erant
1008 1866 1101 1948 nudi3
1133 1866 1275 1950 Hispani

138 1952 244 2017 linteis
268 1953 447 2038 praetextis
472 1973 616 2036 purpura
638 1951 765 2030 tunicis,
790 1951 931 2016 candore
954 1953 1036 2016 miro
1058 1952 1275 2036 fulgentibus,

138 2039 361 2103 constiterant.
393 2057 546 2101 numerus
570 2037 714 2101 omnium
736 2037 894 2124 peditum,
925 2037 981 2124 qui
1002 2046 1073 2104 tum
1096 2048 1219 2106 stetere
1241 2041 1275 2106 in

98 2137 113 2185 t
138 2124 218 2207 acie,
239 2122 364 2188 milium
385 2122 446 2187 fuit
468 2121 693 2208 quadraginta,
717 2122 830 2187 decem
854 2124 1010 2210 equitum.
1045 2124 1145 2190 duces
1168 2130 1275 2192 corni·

137 2210 199 2275 bus
213 2218 398 2296 praeerant,
422 2210 551 2274 sinistro
566 2206 765 2290 Hasdrubal,
790 2209 906 2275 dextro
923 2209 1112 2293 Maharbal3
1128 2212 1274 2278 mediam

96 2293 113 2358 a
138 2296 242 2360 aciem
264 2295 429 2360 Hannibal
452 2295 523 2380 ipse
546 2317 619 2360 cum
642 2293 742 2358 fratre
757 2294 905 2379 -Magone
928 2296 1042 2361 tenuit.
1075 2296 1126 2362 sol
1149 2321 1210 2364 seu
1233 2299 1274 2364 de

137 2381 296 2446 industria
317 2383 362 2446 ita
376 2379 500 2464 locatis,
523 2403 582 2445 seu
598 2381 686 2464 quod
708 2380 792 2446 forte
807 2381 852 2446 ita
875 2391 1005 2465 stetere,
1027 2395 1273 2469 peropportune

137 2467 268 2551 utrique
288 2468 375 2553 parti
398 2466 549 2553 obliquus
573 2472 654 2546 erat,
675 2465 829 2532 Romanis
843 2469 876 2531 in
899 2468 1070 2534 meridiem
1092 2468 1214 2536 Poenis
1237 2472 1271 2536 in

92 2568 111 2615 a
139 2559 403 2639 septemtrionem
426 2554 544 2629 versis3
568 2561 684 2617 ventus
707 2553 960 2619 -Vulturnum
985 2555 1127 2639 regionis
1143 2557 1273 2624 incolae

139 2650 258 2704 vocant
282 2676 319 2686 —
344 2641 502 2704 adversus
519 2637 674 2704 Romanis
699 2648 831 2704 coortus
854 2639 954 2704 multo
978 2642 1116 2729 pulvere
1141 2644 1174 2707 in
1197 2645 1272 2731 ipsa

122 2747 197 2790 -ora
219 2724 385 2789 volvendo
408 2734 619 2809 prospectum
643 2725 771 2789 ademit.
868 2800 870 2805 Ι
966 2785 969 2789 ,
1097 2744 1119 2758 ··

99 2828 113 2874 1
241 2810 380 2874 XLVII.
414 2808 565 2876 Clamore
602 2809 730 2875 sublato
767 2832 959 2896 procursum
998 2809 1040 2878 ab
1077 2812 1210 2880 auxiliis
1241 2827 1275 2883 et

138 2917 249 2980 pugna
282 2893 409 2960 levibus
442 2897 580 2980 primum
617 2897 717 2961 armis
749 2897 936 2978 commissa3
965 2897 1093 2965 >deinde
1124 2901 1274 2986 equitum

139 2980 310 3046 Gallorum
326 2982 612 3067 Hispanorumque
627 2980 756 3047 laevum
772 3005 872 3047 cornu
894 3005 968 3048 cunr
990 2984 1109 3050 dextro
1124 2986 1272 3056 Romano

98 3086 114 3132 a
139 3069 312 3152 concurrit,
344 3069 477 3132 minime
496 3069 668 3154 equestris
700 3091 790 3134 more
820 3090 964 3154 pugnae:
995 3064 1157 3136 frontibus
1187 3076 1274 3141 enim

139 3153 284 3218 adversis
309 3153 567 3219 concurrendum
592 3165 671 3236 erat,
695 3155 772 3240 quia
786 3154 875 3219 nullo
891 3156 978 3220 circa
1001 3156 1041 3220 ad
1066 3161 1273 3236 evagandum

97 3259 112 3306 a
139 3239 253 3305 relicto
277 3240 483 3325 spatiumne
498 3241 609 3318 amnis,
633 3240 710 3305 hinc
732 3241 879 3326 peditum
901 3243 988 3307 acies
1011 3242 1218 3312 claudebant.
1239 3247 1273 3311 in
1305 3294 1308 3299 ·

140 3326 307 3390 derectum
330 3326 492 3412 utrimque
515 3328 663 3410 nitentes,
687 3327 846 3391 stantibus
869 3348 907 3392 ac
928 3328 1082 3394 confertis
1103 3336 1272 3417 postremo

138 3411 235 3476 turba
258 3412 359 3497 equis,
381 3413 433 3477 vir
455 3413 562 3477 virum
584 3411 756 3500 amplexus
779 3412 974 3479 detrahebat
996 3437 1091 3501 equo.
1115 3419 1272 3501 pedestre

136 3520 255 3583 magna
277 3500 342 3563 iam
373 3521 416 3564 ex
446 3508 538 3583 parte
572 3508 739 3563 certamen
761 3500 883 3565 factum
906 3510 990 3583 erat3
1013 3503 1130 3569 acrius
1161 3515 1271 3572 umen

137 3606 236 3669 quam
258 3584 379 3649 diutius
401 3594 582 3670 pugnatum
605 3594 662 3664 est,
690 3584 842 3671 pulsique
866 3585 1002 3652 Romani
1026 3589 1154 3675 equites
1177 3602 1270 3677 terga

95 3688 113 3736 4
136 3680 278 3734 vertunt.
301 3670 361 3735 sub
386 3671 546 3758 equestris
568 3670 667 3736 finem
689 3672 875 3737 certaminis
906 3683 1019 3738 coorta
1046 3684 1097 3739 est
1119 3677 1269 3763 peditum

135 3777 254 3842 pugna,
288 3757 392 3842 primo
426 3768 459 3822 et
488 3758 613 3821 viribus
647 3766 679 3822 et
707 3757 821 3822 animis
853 3781 922 3842 par,
961 3758 1039 3826 dum
1073 3764 1271 3834 constabant

84 3843 265 3908 cardines
289 3841 393 3909 Gallis
416 3843 654 3934 Hispanisque,
684 3844 816 3908 tandem
838 3844 985 3927 Romani,
1020 3845 1077 3912 diu
1105 3870 1145 3915 ac
1168 3870 1271 3938 saepe,

281 4104 341 4116 ᾧ
