2738 4146
101 156 163 215 120
330 167 438 216 LIBER
456 167 527 215 XXI.
549 165 624 215 CAP.
644 168 684 215 16.
705 167 745 215 17.
767 167 805 215 18.
826 164 858 231 [a.
877 165 910 214 U.
929 179 951 213 c.
971 165 1040 231 53⁶l·

114 357 130 405 o
149 360 264 402 norum
286 336 438 423 populos,
462 338 664 402 conciturum
679 337 791 400 avidas
813 327 941 422 semper
957 357 1121 400 armorum
1137 332 1285 400 Gallicas

150 434 272 507 gentes.
297 446 370 487 curn
394 423 473 487 orbe
494 432 655 486 terrarum
688 421 811 487 bellum
844 421 1025 505 gerendum
1055 421 1088 483 in
1119 419 1215 485 Italia
1248 444 1286 487 ac

149 532 209 596 pro
233 509 402 573 moenibus
425 508 578 573 Romanis
602 531 683 572 esse.

115 617 128 663 1
253 594 360 656 XVII.
377 594 568 658 Nominatae
584 595 648 658 iam
664 603 757 658 antea
767 592 954 659 consulibus
971 591 1159 678 provinciae
1176 602 1283 672 erant;

61 643 89 717 ‘l
149 689 218 744 tum
240 681 347 744 sortiri
370 682 457 745 iussi.
488 678 638 744 Cornelio
662 679 828 767 Hispania,
854 679 1045 764 Sempronio
1068 677 1182 742 Africa
1204 701 1280 743 cum

114 774 129 820 2
150 765 260 830 Sicilia
276 767 392 829 evenit.
408 788 468 830 sex
489 767 521 828 in
546 787 620 830 eum
636 787 754 830 annum
778 766 928 829 decretae
944 763 1088 848 legiones
1105 772 1138 828 et
1160 764 1285 829 socium

150 863 305 937 quantum
337 852 414 937 ipsis
451 852 617 915 videretur
650 860 682 916 et
718 850 829 915 classis
867 860 987 936 quanta
1022 850 1131 935 parari
1162 861 1284 936 posset

115 947 301 1024 3quattuor
333 948 365 1001 et
395 938 507 1020 viginti
538 938 684 1024 peditum
724 938 942 1002 Romanorum
979 937 1068 1000 milia
1099 937 1221 1023 scripta
1252 945 1287 1000 et

150 1022 236 1087 mille
261 1025 433 1105 octingenti
453 1026 586 1110 equites,
612 1026 774 1088 sociorum
790 1024 1003 1108 quadraginta
1017 1021 1105 1086 milia
1125 1023 1286 1108 peditum,

150 1120 301 1195 quattuor
315 1109 414 1173 milia·
426 1119 458 1174 et
473 1109 698 1214 quadringenti
714 1112 852 1195 equites,
875 1129 977 1172 naves
994 1108 1152 1172 ducentae
1169 1109 1202 1171 vi
1227 1109 1234 1122 '
1260 1111 1286 1172 ti

114 1207 131 1254 4
151 1198 411 1281 quinqueremes,
423 1194 550 1260 celoces
566 1197 678 1278 viginti
694 1195 835 1259 deducti.
852 1194 952 1258 latum
967 1194 1044 1258 inde
1060 1194 1100 1257 ad
1117 1215 1183 1280 pop
1219 1217 1287 1275 um,

149 1279 271 1344 vellent
293 1281 442 1345 iuberent
454 1280 576 1367 populo
594 1281 850 1363 Carthaginiensi
865 1278 987 1344 bellum
1010 1279 1124 1358 indici,
1150 1282 1287 1367 eiusque

150 1365 228 1430 belli
251 1389 350 1431 causa
371 1368 561 1452 supplicatio
584 1389 644 1453 per
676 1367 790 1431 urbem
826 1367 936 1431 habita
969 1375 1066 1452 atque
1088 1365 1215 1429 adorati
1238 1365 1285 1442 di,

55 1455 61 1461 ’
150 1461 186 1517 ut
207 1452 292 1515 bene
315 1474 354 1516 ac
376 1452 513 1516 feliciter
535 1457 680 1517 eveniret
702 1453 789 1539 quod
812 1451 933 1517 bellum
956 1450 1096 1538 populus
1118 1450 1287 1516 Romanus

114 1555 131 1601 o
150 1540 305 1603 iussisset.
330 1540 413 1601 inter
436 1537 584 1603 consules
606 1542 651 1602 ita
674 1542 786 1625 copiae
810 1538 946 1602 divisae:
972 1537 1165 1623 Sempronio
1190 1537 1288 1602 datae

150 1624 294 1708 legiones
318 1624 402 1688 duae
420 1645 515 1689 -ea
537 1635 694 1710 quaterna
715 1624 804 1689 milia
818 1633 910 1688 erant
934 1623 1081 1710 peditum
1104 1632 1137 1688 et
1160 1627 1289 1689 treceni

151 1712 275 1796 equites
298 1720 388 1773 ——et
409 1713 571 1776 sociorum
593 1711 736 1776 sedecim
759 1709 847 1775 milia
867 1710 1023 1797 peditum,
1047 1711 1171 1795 equites
1194 1708 1288 1774 mille

151 1799 333 1881 octingenti,
355 1818 455 1861 naves
470 1795 586 1881 longae
602 1807 732 1862 centum
754 1799 931 1878 sexaginta,
955 1794 1082 1860 celoces
1099 1794 1288 1861 duodecim.

116 1898 225 1947 ccum
257 1881 306 1946 his
342 1881 549 1947 terrestribus
587 1885 817 1969 maritimisque
855 1884 955 1969 copiis
987 1881 1035 1945 Ti.
1073 1879 1289 1966 Sempronius

151 1970 267 2032 missus
289 1971 322 2031 in
345 1967 496 2049 Siciliam,
528 1971 572 2033 ita
594 1972 627 2032 in
649 1968 791 2034 Africam
822 1970 1078 2047 transmissurus,
1111 1968 1139 2031 si
1169 1967 1211 2030 ad
1235 1989 1290 2031 ar·

116 2054 289 2118 rcendum
326 2053 420 2118 ltalia
450 2054 595 2120 Poenum
627 2055 737 2120 consul
773 2053 854 2118 alter
886 2056 961 2119 satis
997 2061 1091 2117 esset.
1130 2051 1287 2120 Cornelio

151 2143 255 2204 minus
272 2142 438 2225 copiarum
462 2140 581 2220 datum,
606 2143 682 2227 quia
696 2140 733 2204 L.
758 2139 896 2204 Manlius
911 2150 1043 2226 praetor
1065 2140 1186 2225 etipse
1209 2161 1288 2205 cum

116 2225 237 2289 8haud
282 2226 425 2290 invalido
462 2227 624 2312 praesidio
667 2228 699 2290 in
738 2224 878 2290 Galliam
915 2224 1116 2306 mittebatur3
1153 2227 1290 2292 navium

151 2313 292 2375 maxime
307 2309 457 2376 Cornelio
474 2334 627 2378 numerus
644 2312 842 2376 deminutus:
859 2313 1027 2395 sexaginta
1036 2312 1290 2398 quinqueremes

152 2397 246 2461 datae
278 2433 321 2443 -
351 2420 456 2483 neque
489 2401 574 2464 enirn
595 2401 686 2463 ‘mari
717 2407 889 2462 venturum
921 2406 976 2461 aut
1007 2419 1047 2461 ea
1079 2406 1173 2483 parte
1204 2396 1288 2462 belli

152 2483 377 2548 dimicaturum
402 2487 526 2549 hostem
547 2485 725 2549 credebant
744 2521 777 2529 —
798 2493 830 2548 et
853 2484 937 2548 duae
951 2482 1117 2547 Romanae
1139 2482 1288 2566 legiones

151 2593 224 2633 cum
248 2592 305 2634 suo
328 2573 411 2635 iusto
441 2574 584 2656 equitatu
616 2579 647 2634 et
670 2570 928 2657 quattuordecim
961 2569 1090 2633 milibus
1123 2571 1290 2636 sociorum

115 2655 305 2742 9peditum,
329 2657 489 2741 equitibus
517 2656 604 2721 mille
627 2659 800 2721 sexcentis.
837 2656 917 2720 duas
949 2654 1093 2738 legiones
1120 2655 1289 2722 Romanas

151 2751 182 2803 et
205 2741 319 2805 decem
342 2740 430 2805 milia
451 2745 613 2807 sociorum
635 2742 790 2830 peditum,
815 2739 902 2807 mille
925 2743 1049 2828 equites
1072 2744 1187 2820 socios,
1212 2764 1289 2807 sex-

151 2836 261 2891 centos
289 2826 451 2892 Romanos
475 2826 582 2892 Gallia
611 2830 781 2914 provincia
803 2827 919 2893 eodem
941 2849 1038 2892 versa
1069 2828 1102 2890 in
1125 2827 1289 2895 Punicum

150 2911 273 2975 bellum
296 2911 418 2977 habuit.

114 3008 127 3055 1
254 2997 380 3061 XVlIl.
404 2998 464 3062 His
487 3001 532 3062 ita
547 3001 750 3085 comparatis,
773 3008 809 3063 ut
831 3002 939 3064 omnia
958 3001 1043 3064 iusta
1066 3008 1140 3063 ante
1163 2996 1291 3066 bellum

66 3077 80 3094 ‘
151 3084 276 3165 fierent,
310 3083 432 3168 legatos
467 3087 604 3150 maiores
636 3095 722 3166 natu,
748 3083 788 3164 Q.
821 3085 970 3159 Fabium,
1003 3085 1047 3148 Μ.
1080 3084 1223 3158 Livium,
1248 3085 1291 3150 L.

152 3168 336 3250 Aemilium,
361 3168 397 3234 C.
421 3170 590 3250 Licinium,
615 3169 654 3250 Q.
679 3170 847 3248 Baebium,
870 3174 904 3235 in
926 3169 1070 3236 Africam
1092 3173 1224 3236 mount
1246 3170 1292 3237 ad

118 3257 412 3341 apercunctandos
436 3254 729 3341 Carthaginienses,
751 3257 926 3344 publicone
957 3257 1089 3322 consilio
1123 3256 1292 3322 Hannibal

153 3344 331 3424 Saguntum
354 3352 582 3429 oppugnasset,
615 3353 655 3422 et,
689 3345 725 3425 si,
756 3343 789 3407 id
822 3343 908 3430 quod
932 3343 1048 3408 facturi
1079 3343 1290 3427 videbantur,

151 3428 328 3492 faterentur
350 3451 388 3493 ac
413 3428 625 3493 defenderent
654 3428 787 3515 publico
819 3428 952 3494 consilio
975 3428 1106 3512 factum,
1137 3438 1174 3493 ut
1203 3430 1289 3495 indi·

114 3528 131 3575 3
152 3524 263 3579 cerent
283 3514 404 3601 populo
428 3512 686 3595 Carthaginiensi
707 3513 838 3579 bellum.
861 3514 999 3579 Romani
1019 3538 1079 3603 pos
1116 3538 1193 3581 uam
1209 3513 1293 3582 Car·

152 3600 316 3684 thaginem
338 3611 505 3681 venerunt,
540 3623 614 3666 cum
636 3612 765 3666 senatus
799 3601 892 3665 datus
916 3610 1011 3682 esset,
1044 3610 1076 3665 et
1132 3600 1291 3670 .Fabius

151 3687 230 3751 nihil
253 3686 457 3772 ultraquam
479 3709 588 3770 unum,
613 3688 699 3773 qnod
723 3687 911 3752 mandatum
942 3696 1020 3765 erat,
1052 3697 1288 3775 percunctatur

110 3783 245 3854 resset,
285 3784 353 3838 tum
382 3795 427 3837 ex
458 3771 776 3857 Carthaginiensibus
813 3794 910 3837 unus:
952 3795 1129 3862 ,praeceps
1165 3783 1290 3858 vestr'a,

131 3855 285 3938 Romani,
313 3869 348 3924 et
365 3862 463 3946 prior
484 3859 605 3946 legatio
621 3858 637 3924 f
658 3862 691 3944 't,
715 3884 792 3926 cum
804 3858 1021 3924 Hannibalem
1039 3869 1205 3946 tamquam
1228 3884 1291 3930 suo
