2738 4146
88 107 149 164 218
331 119 439 170 LIBER
456 120 504 172 111.
524 119 599 170 CAP.
617 121 659 170 41.
677 121 719 169 42.
740 120 782 170 43.
803 117 836 186 [a.
854 117 888 169 U.
906 133 930 171 o.
948 119 1018 188 8051.

138 291 255 374 virum,
280 291 447 377 egregium
471 291 548 356 olim
572 291 661 355 domi
682 289 892 377 militiaeque,
926 289 1166 354 decemviratus
1202 310 1276 354 con·

138 375 367 464 legaeque1ta
389 387 605 460 mutaverant,
637 385 674 441 ut
695 376 795 464 Appii
843 399 918 439 uam
950 377 1001 441 sui
1022 375 1137 441 similis
1159 375 1277 441 mallet

140 485 221 527 esse.
260 463 335 527 huic
368 461 489 528 bellum
521 465 553 527 in
582 463 720 546 Sabinis,
744 463 798 527 Μ’.
858 460 986 527 abuleio
1011 471 1045 526 et
1067 459 1108 540 Q.
1132 461 1277 526 Poetilio

88 554 121 602 10
139 548 257 617 additis
273 548 427 635 conlegis,
451 550 649 613 mandatum.
672 550 717 614 M.
735 548 906 616 Cornelius
928 550 963 613 in
977 545 1136 632 Algidum
1152 548 1276 612 missus

139 657 212 699 cum
234 636 272 699 L.
297 636 439 700 Minucio
463 645 496 700 et
518 637 555 699 T.
579 637 720 701 Antonio
744 648 777 700 et
798 635 840 699 K.
866 634 991 699 Duillio
1015 646 1049 698 et
1070 634 1116 698 Μ.
1146 633 1275 718 Sergio.

139 719 195 806 Sp.
229 720 375 808 Oppium
409 721 474 870 Ap.
507 721 644 788 Claudio
677 722 860 786 adiutorem
892 720 935 785 ad
966 720 1083 785 urbem
1115 720 1276 784 tuendam

139 828 243 894 aequo
268 809 410 871 omnium
458 810 695 873 ecemvirorum
718 809 855 894 imperio
880 807 1070 871 decernunt.

104 900 118 948 1
239 893 347 957 XLII.
370 893 479 957 Nihilo
502 894 637 959 militiae
671 917 769 981 quam
802 895 888 958 domi
920 891 1036 959 melius
1064 890 1277 978 respublica

101 978 363 1043 tradministrata
385 990 443 1044 est.
466 978 522 1043 illa
543 981 642 1045 modo
664 981 697 1043 in
721 980 859 1044 ducibus
882 979 990 1065 culpa,
1015 977 1112 1065 quod,
1135 990 1173 1043 ut
1195 978 1276 1042 odio

139 1074 248 1130 essent
271 1064 405 1142 civibus,
427 1065 586 1148 fecerant3
611 1066 674 1131 alia
698 1068 802 1132 omnis
818 1088 920 1152 penes
935 1064 1056 1128 milites
1071 1063 1172 1128 noxia
1193 1071 1275 1143 erat,

139 1152 204 1237 qui,
228 1173 270 1215 ne
293 1152 371 1238 quid
396 1151 496 1216 ductu
519 1163 616 1237 atque
640 1153 785 1237 auspicio
820 1151 1079 1217 decemvirorum
1111 1170 1276 1235 prospere

138 1259 277 1323 usquam
299 1247 479 1320 gereretur,
503 1239 590 1302 vinci
612 1260 648 1303 se
671 1261 730 1323 per
752 1259 846 1303 suum
866 1247 966 1324 atque
981 1236 1111 1301 illorum
1129 1235 1277 1299 dedecus

104 1324 356 1408 apatiebantur.
380 1323 443 1388 iusi
467 1333 500 1388 et
522 1324 562 1389 ab
587 1323 717 1388 Sabinis
749 1326 791 1389 ad
813 1324 950 1388 Eretum
974 1323 1061 1387 etin
1082 1320 1207 1405 Algido
1231 1320 1274 1385 ab

138 1406 265 1495 Aequis
289 1410 452 1473 exercitus
476 1420 577 1474 erant.
601 1411 642 1476 ab
664 1411 766 1475 Ereto
789 1431 850 1495 per
871 1408 1036 1475 silentium
1065 1409 1173 1472 noctis
1220 1429 1274 1471 ro-

138 1493 207 1578 iugi
240 1497 374 1580 propius
405 1496 520 1559 urbem
552 1498 636 1566 inter
666 1497 808 1562 Fidenas
841 1494 1165 1578 Crustumeriamque
1196 1430 1276 1558 loco

102 1581 228 1645 redito
252 1591 359 1644 castra
381 1583 650 1664 communierant3
673 1583 853 1668 persecutis
874 1581 1025 1663 hostibus
1052 1601 1215 1666 nusquam
1238 1601 1277 1643 se

138 1688 244 1753 aequo
276 1669 444 1731 certamini
484 1670 721 1734 committentes
753 1678 871 1733 natura
901 1667 965 1732 loci
1002 1689 1041 1730 ac
1077 1666 1180 1748 vallo,
1208 1687 1276 1729 non

25 1773 27 1778 ’
104 1752 259 1820 svirtute
296 1763 351 1817 aut
388 1755 485 1817 armis
517 1756 715 1820 tutabantur.
753 1757 857 1819 maius
887 1753 1047 1838 flagitium
1077 1753 1111 1816 in
1141 1750 1277 1836 Algido,

139 1840 244 1902 maior
267 1842 362 1903 etiam
387 1838 498 1905 clades
530 1851 679 1926 accepta3
713 1852 820 1906 castra
854 1861 985 1927 quoque
1018 1838 1138 1902 amissa
1169 1847 1277 1918 erant,

139 1934 322 2011 exutusque
360 1926 510 1991 omnibus
546 1927 738 1992 utensilibus
775 1925 869 1991 miles
906 1924 1085 1989 Tusculum
1124 1947 1170 2003 se,
1208 1923 1278 1988 fide

138 2011 427 2097 misericordiaque
450 2013 595 2077 victurus
618 2013 794 2098 hospitum,
827 2034 912 2098 quae
942 2021 1052 2075 tamen
1083 2031 1149 2074 non
1179 2008 1275 2073 fefel-

104 2095 255 2169 6lerunt,
282 2096 477 2162 ‘contulerat
514 2097 650 2162 Romam
682 2100 764 2162 tanti
795 2107 888 2162 erant
923 2108 1064 2161 terrores
1095 2094 1196 2177 allati,
1237 2105 1276 2161 ut

14 2191 17 2196 '
139 2183 245 2267 posito
268 2182 333 2246 iam
358 2182 567 2248 decemvirali
590 2185 664 2249 odio
688 2196 797 2271 patres
812 2183 939 2269 vigilias
953 2185 986 2247 in
1003 2183 1085 2246 urbe
1102 2182 1278 2246 habendas

44 2292 47 2297 ·
76 2296 79 2301 ¹
140 2278 320 2351 censerent,
359 2290 483 2348 omnes,
522 2271 578 2357 qui
608 2293 669 2357 per
701 2281 840 2336 aetatem
872 2292 964 2333 arma
999 2269 1086 2332 ferre
1125 2279 1275 2352 possent,

140 2355 303 2419 custodire
335 2356 465 2420 moenia
495 2377 534 2420 ac
564 2378 624 2441 pro
657 2358 760 2443 portis
792 2358 948 2421 stationes
980 2377 1078 2439 agere
1111 2353 1277 2432 iuberent,

106 2458 120 2506 7
138 2463 230 2506 arma
244 2440 422 2506 Tusculum
438 2464 477 2506 ac
492 2442 756 2528 supplementum
772 2443 987 2507 decernerent
1002 2441 1276 2525 decemvirosque

139 2527 180 2591 ab
204 2549 279 2591 arce
302 2527 437 2591 Tusculi
460 2528 623 2612 digressos
653 2531 686 2593 in
710 2531 824 2593 castris
848 2528 983 2593 militem
1002 2526 1141 2608 habere;
1165 2539 1277 2590 castra

139 2612 203 2677 alia
225 2635 244 2676 a
265 2613 400 2677 Fidenis
422 2614 455 2676 in
474 2613 634 2680 ‘Sabinum
656 2637 771 2699 agrum
803 2615 973 2678 transferri
1004 2611 1157 2698 belloque
1188 2610 1276 2676 ultro

140 2697 315 2763 inferendo
334 2699 492 2764 deterreri
514 2700 625 2765 hostes
648 2723 667 2764 a
691 2700 823 2766 oonsilio
846 2700 938 2765 urbis
962 2698 1216 2785 oppugnandae.

75 2789 77 2792 ’
105 2800 119 2846 1
241 2784 366 2848 XLIII.
390 2785 442 2848 Ad
467 2785 577 2851 clades
601 2786 642 2851 ab
665 2786 813 2852 hostibus
848 2795 1001 2871 acceptas
1036 2785 1101 2848 duo
1132 2783 1278 2847 nefanda

103 2870 286 2934 afacinora
310 2870 487 2936 decemviri
517 2871 606 2936 belli
629 2873 781 2959 domique
813 2873 966 2937 adiciunt.
1004 2870 1044 2935 L.
1069 2869 1213 2934 Siccium
1244 2869 1279 2932 in

140 2955 281 3037 Sabinis,
305 2979 366 3041 per
387 2957 544 3022 invidiam
568 2959 820 3024 decemviralem
835 2958 1040 3023 tribunorum
1056 2955 1276 3020 creandorum

139 3043 400 3126 secessionisque
438 3045 617 3108 mentiones
656 3046 698 3108 ad
736 3045 852 3129 vulgus
889 3045 1028 3108 militum
1070 3042 1277 3106 sermonibus

140 3130 275 3194 occultis
293 3137 464 3207 serentem,
485 3130 751 3215 prospeculatum
767 3133 810 3195 ad
825 3131 930 3195 locum
948 3129 1062 3194 castris
1079 3127 1277 3212 capiendum

101 3233 117 3281 3
139 3217 280 3279 mittunt.
306 3216 402 3278 datur
416 3217 585 3298 negotium
601 3217 767 3296 militibus,
785 3240 867 3302 quos
883 3218 1039 3280 miserant
1055 3213 1278 3297 expeditionis

140 3301 209 3366 eius
233 3301 378 3377 comites,
413 3310 449 3364 ut
480 3323 553 3365 eum
578 3314 764 3388 opportuno
799 3303 906 3367 adorti
937 3300 1009 3366 loco
1041 3299 1277 3364 interficerent.

101 3386 227 3452 thaud
250 3386 388 3450 inultum
410 3388 620 3469 interfecere3
657 3411 732 3453 nam
765 3390 851 3452 circa
878 3396 1117 3473 repugnantem
1151 3384 1279 3470 aliquot

139 3473 345 3538 insidiatores
369 3473 528 3555 cecidere,
553 3496 625 3538 cum
648 3475 720 3559 ipse
743 3497 778 3539 se
805 3473 1014 3560 praevalidus
1047 3473 1119 3559 pari
1150 3472 1278 3536 viribus

139 3560 247 3624 animo
284 3560 526 3623 circumventus
564 3570 733 3625 tutaretur.
777 3562 926 3624 nuntiant
961 3561 994 3623 in
1031 3570 1139 3622 castra
1177 3557 1279 3621 ceteri

142 3645 391 3733 praecipitatum
413 3644 447 3707 in
470 3645 603 3710 insidias
628 3669 713 3728 esse3
747 3646 889 3711 Siccium
913 3647 1044 3729 egregie
1075 3654 1277 3730 pugnantem

142 3730 323 3817 militesque
348 3731 507 3817 quosdam
531 3754 604 3795 cum
628 3753 667 3796 eo
691 3735 837 3797 amissos.
874 3734 980 3819 primo
1012 3730 1095 3794 fides
1126 3731 1277 3794 nuntian-

136 3816 226 3889 tibus
246 3817 326 3898 fuit,-
353 3816 506 3901 profeota
529 3817 650 3882 deinde
673 3819 788 3882 cohors
816 3818 858 3882 ad
882 3817 1090 3903 sepeliendos
1114 3817 1171 3902 qui
1195 3816 1277 3880 ceci-
