2738 4146
135 161 172 217 18
390 175 501 224 niens
519 174 541 222 1.
560 172 636 223 cnr.
657 175 696 223 19.
714 175 756 224 ao.
775 174 816 221 21,
836 171 869 239 [a.
889 173 921 223 u.
940 188 962 221 ο.
981 171 1093 237 ao-sar

148 347 321 412 teandem
355 345 442 424 solis,
475 345 563 409 unde
595 346 662 409 orsi
696 354 814 426 essent,
847 343 952 429 plenis
985 344 1127 405 omnium
1161 365 1317 406 annorum

185 434 298 517 spatiis
323 431 393 495 dies
417 440 646 506 congruerent.
670 431 758 494 idem
781 430 927 494 nefastos
952 430 1023 492 dies
1046 428 1213 514 fastosque
1229 429 1316 512 fecit,

160 588 163 593 ,
186 520 263 603 quia
286 517 326 580 ali
352 518 461 581 uando
484 517 565 580 nihil
589 539 663 580 cnm
686 515 810 602 populo
835 516 886 598 agi
907 515 988 578 utile
1011 515 1156 578 futurum
1179 527 1259 579 erat.

102 612 163 676 dr
287 604 321 667 X
358 654 364 667 .
387 602 471 666 Tum
487 602 713 667 sacerdotibus
734 602 882 665 creandis
898 603 1039 664 animum
1057 602 1185 681 adiecit,
1205 624 1316 686 quam·

186 712 282 776 quarn
306 691 377 775 ipse
399 689 541 776 plurima
564 711 657 752 sacra
681 688 802 768 obibat,
828 709 867 751 ea
882 688 1033 768 maxime,
1059 709 1142 773 quae
1165 710 1252 751 nunc
1275 689 1315 752 ad

151 774 314 846 oDialem
349 775 512 840 flaminem
535 760 704 860 pertinent.
747 775 805 838 sed
838 776 913 859 quia
946 773 979 836 in
1007 774 1138 837 civitate
1161 773 1317 838 bellicosa

186 861 296 945 plures
328 859 458 925 Romuli
496 883 593 947 quam
625 860 754 924 Numae
779 859 908 924 similes
945 881 1041 940 reges
1072 859 1209 944 putabat
1245 858 1316 925 fore

188 952 354 1033 iturosque
376 949 465 1032 ipsos
488 948 530 1010 ad
554 945 650 1028 bella,
672 969 714 1010 ne
738 968 831 1010 sacra
851 946 962 1030 regiae
978 946 1057 1008 vicis
1074 946 1313 1030 desererentur,

188 1033 352 1097 flaminem
374 1033 447 1096 Iovi
469 1033 643 1096 adsiduum
667 1033 872 1096 sacerdotem
896 1033 1019 1096 creavit
1042 1033 1159 1115 insigni
1183 1054 1224 1095 ue
1241 1055 1314 1096 eum

152 1130 279 1183 aveste
304 1118 463 1183 et'curuli
491 1121 582 1202 regia
613 1116 693 1182 sella
724 1119 907 1182 adornavit.
944 1117 1021 1181 huic
1054 1118 1135 1180 duos
1162 1055 1314 1182 (laminas

188 1206 314 1286 adiecit,
337 1205 436 1268 Marti
465 1227 574 1286 unum,
607 1203 746 1267 alterum
770 1203 920 1286 Quirin03
951 1205 1159 1290 virginesque
1191 1203 1315 1268 Vestae

187 1291 274 1374 legit,
298 1291 385 1355 Alba
408 1291 579 1354 oriundum
603 1291 822 1354 sacerdotium
851 1300 883 1354 et
910 1291 1000 1374 genti
1027 1290 1203 1354 conditoris
1226 1289 1315 1353 haud

186 1377 337 1441 alienum.
362 1379 411 1459 iis,
435 1387 471 1440 ut
493 1377 651 1440 adsiduae
674 1376 787 1461 templi
803 1377 964 1440 antistites
980 1385 1099 1458 essent,
1117 1376 1316 1461 stipendium

187 1463 228 1526 de
252 1461 391 1548 publico
409 1465 530 1543 statuit,
563 1462 748 1544 virginitate
780 1461 915 1548 aliisque
948 1463 1152 1526 caerimoniis
1179 1483 1314 1526 venera·

151 1565 168 1614 4
187 1548 269 1612 biles
293 1571 332 1613 ac
355 1559 483 1612 sanctas
505 1548 592 1612 feeit.
617 1547 722 1613 Salios
745 1549 823 1612 item
847 1549 1022 1613 duodecim
1046 1548 1143 1611 Marti
1167 1546 1314 1612 Gradivo

185 1634 264 1718 legit
278 1636 472 1721 tunicaeque
488 1635 595 1720 pictae
610 1636 736 1717 insigne
752 1634 842 1698 dedit
858 1644 892 1698 et
907 1656 1006 1719 super
1020 1635 1162 1698 tunicam
1177 1656 1315 1698 aeneum

185 1723 312 1806 pectori
334 1731 489 1802 tegumen
505 1719 725 1806 caelestiaque
741 1741 841 1802 arma,
866 1742 950 1805 quae
966 1721 1083 1784 ancilia
1098 1719 1314 1805 appellantur,

185 1807 271 1870 ferre
302 1828 341 1870 ac
373 1828 433 1891 per
466 1805 580 1870 urbem
614 1807 661 1869 ire
692 1815 844 1869 canentes
877 1809 1020 1871 carmina
1051 1828 1125 1870 cum
1163 1807 1314 1891 tripudiis

151 1891 401 1978 osollemnique
425 1891 544 1956 saltatu
566 1893 669 1956 iussit.
707 1891 894 1977 pontificem
924 1893 1042 1956 deinde
1065 1892 1204 1955 Numam
1227 1892 1314 1955 Mar·

186 1980 282 2059 cium,
314 1978 416 2041 Marci
446 1978 559 2056 filiurn,
592 2001 634 2042 ex
664 1978 812 2064 patribus
844 1976 923 2062 legit
955 1980 1050 2064 eique
1083 2000 1175 2042 sacra
1208 1980 1316 2042 omnia

186 2065 350 2148 exscripta
373 2065 607 2148 exsignataque
632 2065 789 2144 attribuit,
812 2065 931 2150 quibus
953 2063 1077 2146 hostiis,
1106 2065 1224 2149 quibus
1248 2065 1315 2127 die-

185 2151 258 2224 bus,
282 2151 323 2213 ad
348 2171 432 2233 quae
454 2150 577 2234 templa
601 2172 693 2214 sacra
713 2150 840 2231 fierent,
864 2159 962 2235 atque
977 2151 1066 2215 unde
1081 2152 1113 2213 in
1131 2173 1186 2214 eos
1204 2173 1314 2235 sump-

152 2246 238 2303 otus
262 2237 401 2320 pecunia
428 2245 626 2319 erogaretur.
659 2247 768 2300 cetera
795 2259 924 2322 quoque
957 2237 1064 2299 omnia
1095 2235 1227 2321 publica
1249 2237 1314 2320 pri·

186 2331 327 2407 rataque
350 2343 444 2384 sacra
466 2321 627 2407 pontificis
651 2323 739 2386 scitis
762 2322 909 2404 subiecit,
944 2332 979 2386 ut
1012 2333 1107 2404 esset,
1140 2343 1204 2408 quo
1240 2345 1314 2387 con-

187 2406 307 2472 sultum
336 2406 453 2492 plebes
485 2410 620 2490 veniret,
658 2431 700 2473 ne
738 2409 816 2495 quid
855 2408 955 2472 divini
992 2409 1072 2472 iuris
1099 2406 1314 2491 'neglegendo

153 2494 309 2580 rpatrios
345 2495 426 2558 ritus
462 2495 720 2580 peregrinosque
764 2494 975 2559 adsciscendo
1013 2494 1216 2576 turbaretur;
1253 2516 1316 2558 nec

188 2576 345 2644 caelestes
367 2581 466 2644 modo
491 2581 713 2660 caerimonias,
738 2580 796 2644 sed
819 2583 906 2645 iusta
928 2603 1059 2667 quoque
1074 2580 1224 2645 funebria
1245 2579 1314 2666 pla-

186 2665 373 2750 candorque
382 2688 493 2730 manes
503 2676 539 2739 ut
554 2667 641 2730 idem
655 2666 805 2752 pontifex
815 2667 981 2749 edoceret,
997 2690 1146 2755 quaeque
1162 2667 1316 2753 prodigia

184 2749 374 2815 fulminibus
397 2750 502 2816 aliove
526 2774 590 2838 quo
614 2754 687 2816 visu
709 2753 808 2817 missa
835 2754 1077 2837 susciperentur
1099 2763 1198 2838 atque
1222 2775 1315 2817 cura·

184 2849 307 2900 rentur.
333 2837 374 2900 ad
398 2859 437 2902 ea
460 2837 620 2901 elicienda
643 2861 686 2902 ex
699 2838 862 2903 mentibus
879 2838 996 2903 divinis
1011 2839 1085 2903 Iovi
1101 2839 1206 2904 Elicio
1222 2861 1315 2903 aram

184 2925 216 2986 in
239 2922 402 2988 Aventino
427 2924 548 2988 dicavit
571 2925 733 3011 deumque
749 2923 911 2988 consuluit
926 2926 1079 3008 auguriis,
1105 2947 1188 3011 quae
1211 2927 1315 2989 susci·

183 3009 304 3093 pianda
328 3020 445 3074 essent.

116 3090 161 3168 ”1
287 3094 381 3158 XXI.
405 3095 460 3159 Ad
482 3095 564 3160 haec
588 3093 804 3158 consultanda
818 3095 1090 3180 procurandaque
1106 3095 1315 3161 multitudine

80 3156 107 3229 f
184 3189 271 3245 omni
294 3203 314 3244 a
336 3182 369 3246 vi
392 3191 424 3245 et
447 3183 543 3245 armis
567 3202 725 3246 conversa
748 3189 781 3245 et
803 3181 900 3244 animi
923 3180 1046 3266 aliquid
1070 3182 1197 3265 agendo
1222 3203 1316 3246 occu·

183 3269 250 3352 pati
275 3276 376 3348 erant,
400 3275 433 3331 et
456 3268 591 3331 deorum
615 3267 751 3330 adsidua
774 3267 917 3332 insidens
941 3289 1028 3348 cura,
1059 3290 1132 3331 cum
1155 3270 1316 3334 interesse

183 3352 283 3417 rebus
306 3352 455 3417 humanis
479 3352 621 3417 caeleste
643 3374 763 3416 numen
779 3353 955 3435 videretur,
980 3375 1019 3416 ea
1034 3354 1154 3438 pietate
1171 3355 1315 3420 omnium

184 3448 318 3522 pectora
340 3438 510 3518 imbuerat,
533 3449 570 3503 ut
590 3439 673 3502 fides
695 3461 735 3502 ac
757 3441 806 3503 ius
823 3440 993 3504 iurandum
1009 3462 1069 3524 pro
1087 3441 1182 3504 anxio
1202 3439 1315 3525 legum

149 3546 223 3599 oue
244 3545 424 3608 poenarum
448 3535 539 3588 metu
561 3525 726 3588 civitatem
749 3536 909 3609 regerent.
948 3535 1076 3591 etcum
1108 3527 1170 3610 ipsi
1201 3549 1236 3589 se
1260 3526 1316 3591 ho·

182 3611 287 3674 mines
310 3611 343 3672 in
365 3612 452 3693 regis
484 3610 575 3675 velut
605 3612 691 3675 unici
716 3612 858 3697 exempli
886 3633 993 3676 mores
1025 3612 1211 3693 formarent,
1242 3621 1314 3676 tum

184 3695 312 3759 finitimi
336 3697 434 3760 etiam
457 3718 500 3781 po
526 3697 581 3778 uli,
606 3699 662 3783 qui
684 3708 781 3762 antea
804 3708 919 3781 castra,
941 3720 1007 3763 non
1029 3698 1145 3762 urbem
1174 3698 1315 3780 positam

179 3785 214 3844 in
244 3783 352 3848 medio
382 3782 424 3846 ad
455 3720 694 3847 sollicitandam
723 3784 865 3847 omnium
895 3803 1009 3865 pacem
1032 3782 1247 3856 crediderant,
1280 3784 1314 3847 in

164 3884 239 3925 eam
268 3869 498 3938 verecundiam
523 3867 658 3936 adducti
681 3876 767 3951 sunt,
787 3875 825 3934 ut
847 3870 1010 3934 civitatem
1031 3873 1134 3932 totam
1146 3867 1179 3931 in
1191 3866 1315 3933 cultum
