2738 4146
95 140 129 206 X
346 161 396 210 00
414 160 487 210 0101
510 161 600 211 mvn
618 162 702 211 0100
719 161 767 211 nr
786 161 951 213 00010010.

95 334 320 399 tantummodo
345 354 420 419 pars
443 333 486 395 ad
516 355 575 396 nos
603 343 784 418 propagata
812 344 871 414 est,
906 334 1020 399 decem
1054 332 1128 398 libri
1154 338 1281 420 priores

97 418 234 503 (I-X)
264 430 299 522 et
329 418 404 482 libri
443 417 484 482 ab
525 419 680 482 vicesimo
720 420 824 501 primo
857 442 961 505 usque
992 420 1034 482 ad
1074 423 1269 520 quadragesi

96 528 199 655 itti.
218 516 380 677 titii.
388 502 547 654 ‘iiia
555 503 674 653 11111·
694 503 1105 670 i.⁶‘¹..lt‘tt.t¹²⁰.t¹.3,
1124 506 1281 680 litii

96 678 369 762 supradiximus,
402 685 532 739 centum
556 676 771 761 quadraginta
794 676 876 739 duos
899 675 999 741 libros
1034 680 1190 761 extitisse,
1225 681 1278 746 de·

97 772 278 828 monstrant
300 764 397 827 etiam
419 783 505 824 nunc
527 762 703 846 periochae
726 761 928 847 singulorum
951 763 1110 828 librorum
1134 787 1176 828 ex
1191 766 1276 831 Livii

97 871 196 933 opere
221 848 427 934 excerptae.¹
448 847 519 910 Iam
545 869 625 912 vero
649 849 726 933 quia
748 848 789 912 de
811 848 954 912 fontibus
978 849 1016 912 T.
1040 850 1127 912 Livii
1151 860 1183 914 et
1212 874 1277 936 quo

96 936 195 1000 modo
218 937 257 999 iis
280 957 357 998 usus
380 934 430 1015 sit,
463 932 620 998 hocloco
643 955 708 999 non
732 943 781 997 est
809 933 1064 1017 (1100000001001,2
1094 935 1128 998 id
1151 945 1278 1002 tantum

98 1019 417 1086 commemorandum
440 1040 512 1083 0000
534 1018 674 1098 videtur,
699 1040 773 1082 eum
788 1029 935 1083 nontam
951 1030 1020 1084 arte
1044 1022 1164 1099 critica,
1190 1045 1277 1108 quae

98 1107 226 1188 dicitur,
248 1105 390 1171 valuisse
413 1105 445 1166 in
468 1105 604 1169 historia
628 1105 863 1188 componenda,
888 1128 985 1192 quam
1008 1106 1150 1170 facunda
1172 1130 1280 1186 rerum

96 1193 307 1256 000001100οᾺ
330 1191 380 1253 Αο
397 1199 550 1276 quantam
566 1190 813 1255 admirationem
829 1213 869 1256 ea
883 1214 991 1256 rerum
1015 1194 1282 1277 exponendarum

96 1282 221 1343 ratione
237 1279 409 1363 operisque
432 1276 653 1360 magnitudine
677 1278 783 1340 statim
806 1278 870 1341 iam
893 1279 977 1341 inter
997 1281 1146 1363 antiquos
1162 1279 1281 1343 exeita-

96 1368 190 1442 verit,
222 1363 324 1428 multa
356 1361 450 1433 nobis
476 1362 617 1446 probant
643 1363 793 1447 exempla
822 1373 854 1428 et
881 1364 976 1446 diota,
1001 1386 1084 1450 quae
1106 1367 1282 1429 memoriae

96 1451 216 1514 tradita
240 1460 324 1513 sunt.
348 1448 402 1511 Ex
448 1447 544 1512 uibus
569 1449 634 1512 duo
658 1457 784 1514 tantum
802 1448 866 1514 hoc
887 1449 960 1514 1000
983 1449 1175 1514 adscribam.
1201 1450 1282 1530 Quis

96 1538 224 1620 ignorat
245 1534 333 1599 illam
349 1533 386 1600 Ο.
409 1471 504 1598 Ρ11011
528 1533 660 1599 Caecilii
681 1533 824 1598 Secundi
840 1535 1022 1622 epistulam,
1047 1536 1079 1598 in
1102 1558 1165 1620 qua
1188 1537 1283 1602 nobis

96 1632 216 1703 narrat,
231 1621 430 1686 Gaditanum
441 1620 603 1769 qpendam
613 1621 649 1683 T.
660 1618 744 1684 Livii
755 1622 885 1685 nomine
900 1619 1069 1707 gloriaque
1085 1632 1282 1686 commotum

98 1708 138 1771 ad
153 1708 326 1773 visendum
343 1728 451 1770 euma
490 1705 602 1772 ultimo
617 1715 778 1770 terrarum
803 1706 881 1770 orbe
904 1710 1035 1771 0001000
1057 1706 1232 1793 statimque
1247 1717 1283 1771 ut

96 1793 225 1858 viderat
247 1791 410 1857 abiisse?⁴
441 1792 485 1855 Et
508 1790 726 1870 Quintilianus
753 1790 839 1855 hanc
862 1792 904 1856 de
926 1792 964 1855 T.
987 1792 1074 1856 Livii
1096 1791 1188 1857 libris
1211 1815 1281 1857 000-

96 1882 231 1944 tentiam
243 1878 340 1942 dixit:
350 1877 467 1963 Neque
481 1878 667 1959 indignetur
676 1876 737 1940 sibi
747 1877 937 1943 Herodotus
945 1878 1082 1962 'aequari
1092 1878 1128 1942 T.
1140 1879 1280 1961 Livium,

98 1988 171 2029 oum
193 1965 229 2029 in
243 1963 439 2028 narrando
463 1965 581 2027 mirae
604 1963 862 2027 iucunditatis
879 1963 1114 2049 clarissimique
1131 1965 1281 2029 candoris

97 2062 166 2116 tum
181 2052 218 2114 in
235 2049 480 2115 contionibus
497 2071 597 2132 00000
611 2070 706 2133 quam
724 2049 869 2113 enarrari
883 2059 990 2135 potest
1006 2047 1282 2134 eloquentem.⁵

201 2136 271 2200 Nec
294 2136 400 2198 minor
422 2134 492 2198 laus
519 2134 596 2198 huic
617 2134 683 2198 Titi
705 2132 791 2197 Livii
815 2134 1029 2221 eloquentiae,
1063 2137 1184 2220 quain
1208 2157 1277 2199 ora-

97 2223 238 2290 tionibus
272 2223 363 2306 operi
386 2221 540 2284 historico
573 2220 706 2284 intextis
737 2243 867 2305 semper
889 2220 960 2285 fere
982 2221 1124 2296 excellit,
1159 2222 1279 2286 001010

83 2310 202 2374 ‘doctis
225 2307 462 2372 recentioribus
486 2306 648 2370 tribuitur.
674 2303 748 2385 Qua
770 2307 811 2371 de
835 2329 870 2370 re
894 2306 982 2389 apud
1005 2329 1069 2371 000
1086 2307 1280 2390 Ηο00(11001,

99 2399 275 2482 quinostro
290 2392 421 2457 saeculo
440 2394 524 2457 inter
539 2392 681 2457 Batavos
702 2391 868 2456 doctrinae
888 2391 986 2456 laude
1008 2391 1177 2474 florebati,
1200 2393 1283 2458 haec

97 2483 166 2546 fere
182 2480 333 2563 legimus:
359 2478 512 2564 Spirabat
528 2481 630 2543 oratio
647 2475 702 2541 illa
717 2479 827 2541 nescio
852 2478 929 2562 quid
947 2477 1053 2556 altius,
1077 2500 1141 2564 quo
1167 2479 1283 2562 spiritu

98 2569 200 2650 magis
224 2567 394 2652 magisque
418 2565 602 2651 pellebatur
633 2564 712 2626 mihi
740 2565 864 2627 animus
889 2573 921 2627 et
943 2564 1147 2646 movebatur,
1182 2567 1282 2630 immo

96 2675 176 2718 vero
200 2675 266 2716 non
288 2652 484 2716 movebatur
506 2650 621 2731 solum,
653 2650 711 2713 sed
735 2651 828 2736 quasi
849 2648 1036 2713 inflabatur.
1073 2650 1170 2716 Olara
1198 2673 1282 2717 voce

97 2739 231 2805 eosdem
254 2738 374 2802 cotidie
395 2736 582 2800 lectitabam
604 2735 696 2799 locos
718 2736 772 2817 ita,
796 2745 832 2799 ut
855 2736 1037 2800 ediscerem
1061 2759 1116 2801 eos
1134 2751 1232 2823 atque
1249 2739 1282 2801 in

99 2824 245 2889 00001001
269 2845 342 2886 meo
366 2830 422 2884 aut
444 2843 517 2884 cum
534 2820 621 2884 solus
638 2820 840 2885 ambularem
857 2822 1008 2886 continuo
1025 2825 1280 2906 pronuntiarem.

97 2911 208 2996 Atque
232 2909 296 2971 hoc
318 2906 416 2972 modo
441 2906 585 2971 seribere
610 2906 774 2970 discebam
800 2908 840 2970 ad
864 2909 1070 2993 antiquorum
1093 2910 1236 2972 modum.

202 3042 268 3094 1cf.
297 3042 331 3092 de
358 3042 409 3093 hac
436 3058 464 3092 re
491 3059 561 3093 nune
588 3045 667 3093 etiam
695 3059 763 3109 quae
790 3044 988 3108 Zangemeister
1015 3045 1081 3095 dixit
1105 3047 1134 3094 in
1161 3046 1278 3097 editione

97 3133 184 3184 Orosii
197 3129 311 3180 Vindob.
333 3130 398 3181 188⁵.)
416 3145 442 3193 p.
461 3128 545 3192 XXV,
563 3127 626 3178 olim
646 3130 762 3179 extitisse
780 3130 867 3193 operis
884 3130 989 3179 Liviani
1008 3131 1158 3194 epitomem,
1178 3147 1210 3181 ex
1228 3147 1281 3196 qua

98 3223 234 3282 excerptae
252 3221 315 3266 sunt
332 3214 480 3279 periochae.

201 3301 268 3353 ²cf.
288 3303 419 3364 Instruct,
436 3316 461 3364 0.
482 3302 522 3349 75.

199 3389 210 3424 ³
228 3387 267 3439 Of.
285 3386 421 3438 Woelfflin
439 3387 467 3435 in
484 3385 632 3450 Prolegom.
650 3386 750 3449 primae
768 3384 891 3434 editionis
902 3385 961 3434 libr.
974 3385 1047 3435 XXI.
1064 3402 1091 3451 p.
1104 3387 1179 3452 XIII,
1197 3404 1236 3454 sq.
1255 3395 1282 3440 et

96 3473 331 3526 Weissenbom-H.
349 3471 461 3522 Mueller
478 3471 496 3521 l.
515 3487 546 3536 0,
564 3488 590 3537 p.
610 3473 651 3521 14.

199 3557 295 3610 *rim
313 3559 399 3623 Epist.
416 3558 452 3621 11,
470 3559 513 3624 iffi.

199 3647 210 3680 ⁵
228 3646 382 3708 Quintilian.
401 3645 464 3695 Inst.
481 3660 519 3694 or.
536 3644 569 3705 X,
590 3648 656 3710 ¹nct·

201 3731 269 3783 icf.
287 3732 319 3782 L.
346 3732 458 3782 Mueller
485 3730 580 3780 Gesch.
599 3729 624 3779 d.
651 3728 799 3792 Philologie
825 3728 853 3776 in
882 3727 933 3777 den
959 3728 1155 3779 Niederlanden
1177 3747 1202 3796 p.
1222 3733 1281 3784 103.

79 3817 258 3873 ngelsbaelr
280 3817 430 3881 Uebungen
449 3817 496 3867 des
514 3816 604 3866 latein.
625 3815 687 3866 Stils
705 3815 746 3865 111
764 3830 789 3879 p.
808 3816 850 3864 28.
