2738 4146
570 182 781 238 PRAEFATIO.
1200 166 1266 231 VII

83 359 169 423 enirn
194 365 271 434 erat,
298 378 357 420 cur
379 356 412 418 in
434 355 497 419 hac
525 355 668 420 editione
700 355 740 420 ab
774 378 813 419 ea
843 355 897 419 via
931 354 1145 434 discederem,
1177 365 1267 439 post-

83 467 179 529 quam
202 465 321 527 magna
344 465 417 506 cum
440 441 610 527 voluptate
632 442 710 519 vidi,
734 442 797 504 iam
815 440 887 504 aliis
902 451 1000 527 atque
1018 442 1147 527 optimis
1163 441 1266 522 libris,

83 531 201 615 quibus
225 529 363 592 nuncin
388 527 507 591 scholis
530 529 649 591 nostris
672 538 816 606 utuntur,
842 527 1020 612 discipulos
1037 529 1077 590 ad
1094 528 1179 591 hanc
1195 551 1266 592 rem

84 639 155 680 esse
178 623 400 702 praeparatos.
426 612 519 692 Quae
543 637 614 676 cum
637 614 683 677 ita
705 615 777 695 sint,
802 636 817 677 s
844 634 934 677 erare
955 614 1034 676 mihi
1050 613 1158 697 liceat,
1181 615 1268 678 hano

83 703 261 764 editionem
284 722 348 763 non
371 721 507 782 prorsus
530 699 599 764 fore
622 700 791 783 ingratam.
817 637 971 764 Eeterum
988 708 1021 762 et
1036 722 1096 784 ego
1114 701 1268 766 doctores

84 810 196 853 omnes
212 795 343 870 rogatos
359 784 470 863 velim,
495 795 529 848 ut
544 807 672 849 mecum
690 785 850 850 benevole
867 785 1115 868 communicent,
1140 787 1164 850 si
1183 808 1267 871 quae

83 874 286 936 emendanda
309 873 347 934 iis
369 871 577 936 videbuntur.

186 959 307 1036 Restat,
331 967 368 1020 ut
390 957 434 1019 M.
451 956 693 1035 Hechfellnero,
710 957 766 1042 qui
788 958 820 1018 in
837 955 975 1042 plagulis
990 965 1142 1021 accurate
1159 977 1268 1020 emen-

83 1045 198 1108 dandis
222 1044 362 1126 benigne
386 1065 437 1106 me
460 1043 593 1120 adiuvit,
616 1043 736 1127 gratias
760 1064 855 1127 agam
877 1043 1045 1106 maximas.

185 1129 375 1193 Scribebam
405 1127 590 1214 Oeniponte
618 1135 646 1192 a.
671 1128 702 1192 d.
725 1127 767 1192 V.
791 1129 840 1193 Id.
868 1127 951 1192 Nor.
984 1149 1067 1192 anno
1090 1136 1165 1212 post
1189 1127 1267 1192 Ohr.
1340 1132 1343 1137 ’

81 1239 111 1278 n.
137 1213 465 1280 MDOOOLXXXV.

81 1372 178 1420 literar.
191 1368 333 1419 Centralbl.
354 1369 420 1418 1883
438 1384 464 1432 p.
484 1369 559 1417 1797.
578 1368 610 1415 ln
623 1367 771 1417 dividendis
784 1372 872 1416 autern
883 1368 971 1417 verbis
983 1382 1028 1416 eas
1042 1368 1147 1432 regulas
1160 1371 1268 1417 secutus

82 1471 148 1517 sum,
176 1469 244 1519 quas
262 1455 292 1502 F.
312 1453 419 1504 Schultz
443 1453 585 1503 Grammat.
607 1453 665 1502 Lat.
684 1456 700 1516 ξ
721 1454 760 1514 12,
778 1454 794 1501 2
813 1453 1013 1502 commendavit.
1033 1451 1072 1502 Of.
1092 1454 1171 1502 etiam
1190 1453 1225 1502 H.
1244 1453 1267 1503 1.

82 1540 193 1591 Mueller
209 1540 363 1590 Jahresber.
382 1539 407 1591 d.
425 1539 552 1604 philolog.
569 1540 704 1604 Vereines,
723 1539 813 1588 Berlin
833 1540 908 1599 1882,
926 1554 951 1603 p.
971 1540 1030 1588 ⁶268.

573 1815 777 1826 ———.

329 2095 409 2153 Hoc
431 2097 620 2154 volumine
643 2095 734 2152 haec
757 2097 1009 2155 continentum

78 2301 234 2351 Praefatio.
264 2337 269 2346 .
297 2336 304 2349 .
334 2330 339 2337 -
367 2335 545 2352 ......
609 2241 648 2349 iv
735 2305 795 2362 post
813 2299 1004 2348 decemviratus
1021 2297 1100 2348 finem
1117 2314 1172 2348 cre·
1229 2239 1252 2281 ,-

79 2389 121 2438 De
138 2387 169 2436 Τ.
187 2385 258 2434 Livii
275 2385 331 2434 vita
350 2390 376 2435 et
393 2389 517 2452 scriptis.
545 2424 551 2436 .
582 2385 646 2435 Vlll
734 2386 792 2434 atis.
810 2385 858 2448 III,
876 2388 999 2434 33-35.
1027 2419 1172 2434 .....
1215 2387 1266 2434 210

78 2474 107 2523 Τ.
127 2474 196 2522 Livii
214 2472 282 2520 liber
300 2471 313 2519 I
315 2508 552 2524 ........
632 2477 641 2519 1
699 2469 741 2518 De
752 2471 934 2533 rogationibus
947 2469 1101 2519 aCanuleio
1113 2485 1171 2533 pro-

80 2558 210 2606 Periocha
227 2557 288 2607 libri
305 2555 328 2605 1.
373 2595 378 2606 .
407 2595 413 2602 .
441 2594 449 2608 .
478 2598 481 2606 ,
512 2595 518 2607 .
546 2593 553 2608 .
612 2559 645 2606 52
733 2554 866 2619 mulgatis,
885 2555 918 2606 de
935 2555 1047 2605 tribunis
1060 2556 1174 2605 militum

79 2641 109 2689 Τ.
128 2641 198 2691 Livii
215 2642 283 2693 liber
302 2642 339 2691 ΙΙ.
370 2678 377 2691 .
405 2675 413 2691 .
441 2681 444 2686 .
474 2680 481 2693 .
509 2678 516 2693 .
543 2679 550 2694 .
611 2646 645 2694 54
734 2641 1172 2706 consularipotestateetdeceneo·

80 2725 209 2776 Periocha
227 2727 288 2776 libri
304 2729 331 2777 11
333 2762 551 2780 .......
596 2732 645 2780 197
732 2727 814 2776 ribus.
833 2727 878 2787 IV,
898 2729 965 2777 1-9
993 2767 997 2774 .
1027 2764 1032 2775 .
1061 2765 1067 2776 .
1096 2766 1101 2777 .
1165 2766 1170 2776 .
1214 2729 1266 2778 229

77 2811 107 2860 Τ.
126 2812 196 2862 Livii
214 2813 282 2863 liber
300 2813 364 2862 XXI
366 2849 547 2865 ......
595 2817 644 2865 109
698 2815 740 2864 De
761 2813 900 2878 legibusa
925 2812 953 2863 Ο.
971 2814 1075 2862 Licinio
1100 2819 1125 2863 et
1142 2814 1173 2863 L.

78 2899 210 2947 Periocha
227 2899 288 2949 libri
306 2900 379 2948 XXI.
405 2936 411 2949 .
440 2939 444 2946 .
474 2935 481 2950 .
508 2940 513 2954 ,.
543 2936 550 2952 .
596 2905 644 2951 156
733 2899 821 2951 Sextio
835 2900 1098 2963 promulgatisacde
1112 2915 1173 2948 con·

76 2984 106 3032 Τ.
125 2984 194 3032 Livii
217 2984 284 3036 liber
301 2986 412 3035 XXH..
440 3023 447 3037 .
476 3025 479 3032 .
509 3024 517 3038 .
594 2989 643 3038 157
732 2985 790 3036 sule
816 2985 919 3050 plebeio
942 2987 1056 3050 primum
1083 2992 1170 3037 creato

76 3069 207 3119 Periocha
223 3070 284 3120 libri
302 3071 380 3120 XXII
382 3106 546 3122 ......
593 3073 643 3123 208
731 3072 775 3134 Vl,
792 3074 894 3122 34-42
922 3108 1169 3124 ........
1213 3077 1264 3124 ’287

75 3153 168 3205 Partes
186 3155 300 3207 selectae
318 3172 349 3206 ex
360 3156 435 3207 libris
447 3158 495 3207 111.
509 3158 552 3209 lV.
695 3159 777 3208 Index
795 3159 985 3223 geographicas
1026 3194 1169 3208 .....
1213 3161 1264 3210 248

110 3240 155 3291 v1.
197 3281 202 3290 .
231 3280 237 3291 .
266 3279 271 3290 .
300 3279 306 3290 .
334 3280 342 3294 .
371 3284 374 3293 .
404 3284 406 3289 .
438 3280 444 3292 .
474 3284 476 3289 .
507 3281 513 3291 .
542 3282 548 3294 .
591 3246 642 3294 210
696 3245 884 3307 Discrepantia
901 3245 1046 3308 scripturae
1065 3244 1098 3293 ab
1117 3244 1169 3292 edi-

76 3325 117 3375 De
124 3325 278 3378 decemviris
289 3328 551 3393 legibuescribendie,
729 3331 801 3380 tione
813 3331 1062 3380 Weissenborniana
1071 3330 1172 3379 Beroli-

110 3411 143 3459 de
161 3413 241 3464 caede
258 3414 400 3478 Verginiae
423 3430 455 3464 ao
471 3414 503 3465 de
519 3416 549 3465 L.
729 3417 806 3466 nensi
849 3448 1168 3467 ..........
1211 3419 1260 3465 257

110 3497 216 3547 Valerio
228 3500 264 3549 M.
272 3500 386 3550 Horatio
395 3501 550 3551 oonsulibus
