2738 4146
86 109 126 169 98
208 132 212 139 ·
321 123 431 174 ureae
447 123 483 174 11.
502 121 577 175 car.
595 125 637 176 sa.
656 125 698 175 ss.
717 122 750 191 [a.
769 123 801 174 u
820 138 843 174 e
862 120 1020 191 ars-2811.

94 312 111 363 t
136 305 169 361 et
198 295 299 380 patris
330 294 499 380 Agrippae
528 295 622 360 favor
655 293 823 359 hauddum
856 293 1065 361 exolevisset.
1100 296 1138 360 iu
1172 297 1279 363 multa

135 390 359 467 temperarunt
389 382 524 444 tribuni:
561 403 634 445 cum
666 382 780 465 capitis
812 382 1040 467 acquisissent,
1076 381 1144 448 duo
1179 384 1276 449 milia

137 470 220 532 aeris
244 468 396 531 damnato
420 466 554 532 multam
577 467 739 532 dixerunt.
764 468 858 531 eain
893 477 990 552 caput
1011 469 1123 533 vertit.
1148 481 1276 555 negant

135 553 248 618 tulisse
270 555 478 639 ignominiam
501 553 818 639 aegritudinemque3
852 553 929 618 iude
962 553 1079 619 morbo
1112 553 1274 642 absump-

135 648 204 704 tum
227 661 308 705 esse.

99 742 115 793 e
238 723 330 788 Alius
363 725 480 788 deinde
510 745 587 788 reus
619 722 675 810 Sp.
704 723 871 806 Servilius,
903 734 940 789 ut
973 725 1146 792 consulatu
1179 729 1273 811 abiit,

136 809 172 876 (l.
195 811 314 875 Nautio
346 820 379 875 et
400 810 436 874 P.
460 808 591 873 Valerio
623 810 820 892 consulibus,
851 811 942 876 initio
976 813 1085 876 statim
1119 815 1197 878 anni
1232 814 1274 880 ab

134 896 173 960 L.
190 897 342 963 Caedicio
363 896 447 961 (ετ-Τ.
465 895 568 960 Statio
584 896 722 960 tribunis
746 897 798 960 die
823 896 912 961 dicta
933 919 1009 981 non,
1032 909 1069 962 ut
1084 898 1272 981 Menenius,

136 983 287 1069 precibus
309 983 375 1047 suis
391 991 447 1046 aut
469 992 609 1068 patrum,
633 981 691 1046 sed
716 1004 788 1046 cum
804 982 907 1047 multa
927 983 1047 1048 fiducia
1061 986 1272 1053 innocentiae

103 1071 323 1156 tgratiaeque
345 1067 536 1132 tribunicios
567 1070 708 1151 impetus
731 1068 815 1132 tulit.
850 1078 881 1132 et
909 1068 985 1133 huic
1006 1071 1172 1156 proelium
1196 1096 1268 1137 cum

135 1155 248 1219 Tuscis
272 1156 313 1218 ad
335 1154 515 1218 Ianiculum
539 1164 608 1218 erat
631 1155 764 1218 crimini.
800 1153 859 1218 sed
881 1155 1000 1218 fervidi
1024 1157 1124 1221 animi
1147 1160 1211 1241 vir,
1236 1170 1271 1224 ut

134 1243 169 1307 in
192 1240 322 1327 publico
340 1239 482 1326 periculo
499 1251 584 1321 ante,
609 1241 655 1303 sic
670 1250 737 1304 tum
762 1243 795 1303 in
811 1262 879 1324 suo,
902 1263 967 1305 non
983 1241 1134 1307 tribunos
1157 1246 1267 1327 modo,

136 1327 193 1392 sed
228 1326 360 1414 plebem
392 1328 538 1390 oratione
568 1327 670 1391 feroci
702 1326 873 1400 refutando
908 1328 1209 1417 exprobrandoque
1232 1332 1268 1397 Τ.

135 1414 266 1478 Meneni
282 1414 522 1477 damnationem
538 1422 751 1499 mortemque,
777 1415 867 1477 culus
891 1415 993 1497 patris
1015 1438 1153 1481 munere
1177 1421 1269 1483 resti·

135 1509 206 1563 tuta
229 1500 392 1586 quondam
418 1497 511 1585 plebs
536 1521 591 1563 eos
614 1498 712 1585 ipsos,
747 1498 865 1583 quibus
888 1509 957 1563 tum
980 1502 1132 1581 saeviret,
1171 1508 1266 1590 magi·

98 1596 263 1668 astratus,
288 1607 342 1649 eas
366 1585 455 1669 leges
477 1584 623 1667 haberet,
648 1584 830 1671 periculum
846 1585 983 1648 audacia
997 1585 1161 1654 discussit.
1186 1592 1269 1656 iuvit

136 1682 168 1736 et
189 1673 355 1755 Virginius
379 1670 524 1754 conlega,
547 1672 639 1736 testis
661 1671 850 1756 productus,
882 1672 1110 1757 participando
1134 1674 1269 1761 laudes;

134 1759 237 1841 magis
260 1770 367 1822 tamen
390 1757 621 1821 Menenianum
643 1758 791 1821 —adeo
825 1760 1203 1826 mutaverantanimum
1228 1800 1265 1811 —

135 1844 257 1930 profuit
278 1844 443 1908 iudicium.

101 1953 114 1998 1
238 1930 328 1994 LIII.
353 1928 539 1994 certamina
566 1927 654 1991 domi
675 1927 781 2009 finita3
804 1926 925 1992 Veiens
957 1927 1079 1994 bellum
1103 1943 1268 2015 exortum,

136 2016 254 2102 quibus
278 2015 390 2079 Sabini
413 2036 503 2078 arma
526 2015 770 2078 coniunxerant.
788 2013 824 2078 P.
839 2011 991 2079 Valerius
1016 2016 1131 2081 consul
1156 2022 1268 2085 accitis

134 2102 323 2165 Latinorum
340 2101 620 2185 Hernicorumque
636 2098 763 2163 auxiliis
781 2122 852 2163 cum
871 2102 1017 2165 exercitu
1032 2101 1133 2168 Veios
1149 2108 1269 2172 missus

136 2197 244 2251 castra
267 2187 397 2269 Sabina,
429 2209 512 2271 quae
543 2208 602 2272 pro
625 2186 798 2250 moenibus
830 2188 992 2251 sociorum
1023 2186 1132 2253 locata
1165 2208 1268 2276 erant,

136 2274 305 2337 confestim
339 2273 531 2358 adgreditur
563 2281 751 2420 tantamque
782 2272 1033 2356 trepidationem
1064 2275 1187 2356 iniecit,
1220 2290 1266 2362 ut,

136 2360 213 2424 dum
238 2361 376 2445 dispersi
406 2357 460 2423 alii
483 2358 545 2422 alia
567 2359 701 2443 manipu
715 2358 792 2422 atim
816 2369 993 2422 excurrunt
1024 2359 1067 2422 ad
1091 2364 1268 2431 arcendam

134 2447 277 2510 hostium
292 2448 369 2530 vim,
393 2455 550 2531 asporta,
568 2446 620 2509 cui
641 2447 733 2527 signa
747 2444 888 2529 primum
904 2443 1065 2525 intulerat,
1083 2460 1267 2534 caperetur.
1288 2476 1292 2486 ·

98 2535 219 2601 aintra
250 2533 371 2597 vallum
409 2531 527 2595 deinde
559 2531 676 2596 caedes
709 2531 811 2614 magis
848 2553 946 2615 quam
983 2533 1145 2617 proelium
1184 2559 1267 2605 esse.

134 2617 291 2684 tumultus
324 2641 342 2682 e
375 2620 487 2681 castris
520 2627 552 2682 et
582 2618 615 2680 in
645 2615 761 2681 urbem
794 2626 958 2701 penetrat;
988 2627 1157 2705 tamquam
1188 2623 1269 2689 Vela

136 2706 247 2789 captis,
264 2707 310 2768 ita
325 2705 436 2789 pavidi
452 2704 606 2767 Veientes
622 2703 664 2765 ad
679 2725 768 2766 arma
785 2712 926 2766 currunt.
942 2726 1019 2788 pars
1036 2704 1166 2773 Sabinis
1191 2720 1268 2775 eunt

136 2789 291 2874 subsidio,
314 2812 390 2874 pars
405 2789 569 2853 Romanos
592 2797 660 2852 toto
685 2790 810 2874 impetu
834 2790 974 2854 intentos
1003 2791 1035 2854 iu
1057 2804 1166 2858 castra
1189 2795 1267 2861 ado·

100 2879 272 2946 ariuntur.
305 2875 473 2961 paulisper
497 2875 603 2938 aversi
635 2874 823 2960 turbatique
847 2886 935 2957 sunt;
974 2875 1093 2942 deinde
1131 2888 1165 2945 et
1202 2883 1266 2968 ipsi

135 2973 274 3048 utroque
290 2964 392 3026 versis
410 2962 508 3044 signis
532 2962 697 3038 resistunt,
723 2971 754 3025 et
771 2983 872 3047 eques
889 2961 930 3025 ab
955 2962 1087 3028 consule
1102 2964 1267 3033 immissus

134 3050 259 3114 Tuscos
274 3049 380 3112 fundit
395 3047 566 3135 fugatque3
593 3047 773 3133 eademque
798 3047 879 3111 hora
905 3047 969 3112 duo
987 3051 1162 3136 exercitus,
1181 3053 1266 3119 duae

135 3136 381 3222 potentissimae
414 3144 446 3197 et
467 3135 630 3197 maximae
661 3132 815 3197 finitimae
847 3142 960 3217 gentes
984 3146 1158 3220 superatae
1182 3150 1265 3205 sunt.

97 3248 114 3293 4
237 3222 325 3285 Dum
358 3220 439 3284 haec
470 3221 510 3284 ad
546 3219 646 3284 Veios
678 3229 844 3303 geruntur,
877 3219 988 3284 Volsci
1023 3221 1201 3315 Aequique
1233 3227 1267 3291 in

134 3308 251 3372 Latino
284 3330 361 3392 agro
394 3316 571 3392 posuerant
603 3316 709 3369 castra
731 3304 942 3391 populatique
964 3306 1045 3372 fines
1069 3320 1172 3374 erant.
1210 3334 1266 3377 eos

134 3417 193 3480 per
224 3417 259 3458 se
297 3396 359 3479 ipsi
389 3393 496 3456 Latini
528 3393 708 3477 adsumptis
739 3391 891 3456 Hernicis
924 3393 993 3456 sine
1026 3394 1175 3460 Romano
1210 3412 1268 3463 aut

100 3482 217 3554 sduce
248 3490 303 3543 aut
325 3479 444 3543 ariinIo
476 3479 589 3542 castris
613 3488 787 3542 exuerunt:
820 3479 942 3561 ingenti
974 3481 1098 3565 praeda
1132 3494 1267 3567 praeter

134 3590 209 3631 suas
242 3568 441 3652 reciperatas
472 3588 523 3629 res
556 3564 651 3650 potiti
683 3573 766 3627 sunt.
798 3566 915 3627 missus
947 3575 1055 3629 tamen
1089 3566 1130 3631 ab
1160 3568 1266 3634 Roma

135 3652 246 3717 consul
278 3653 311 3716 in
345 3650 482 3716 Volscos
506 3650 542 3717 O.
565 3650 717 3732 Nautius3
750 3671 830 3731 mos,
864 3651 974 3732 credo,
1008 3674 1073 3716 non
1107 3652 1266 3740 placebat

135 3742 203 3803 sine
226 3738 371 3802 Romano
397 3738 478 3801 duce
502 3738 713 3822 exercituque
745 3737 850 3801 socios
874 3738 1014 3822 propriis
1037 3739 1163 3806 viribus
1189 3765 1264 3809 con·

92 3861 107 3905 5
135 3824 278 3912 siliisque
288 3823 375 3888 bella
385 3845 509 3908 gerere.
525 3822 647 3887 nullum
658 3845 760 3908 genus
777 3821 965 3886 calamitatis
979 3826 1264 3917 contumeliaeque
