2738 4146
334 125 444 174 arana
462 126 497 176 11.
516 124 592 194 can.
611 129 653 178 sa.
671 128 713 176 54.
733 125 767 193 [a
785 127 819 180 u.
837 143 860 180 ο.
881 128 1037 198 aro-amq.
1097 92 1100 96 i
1181 201 1183 206 ,
1214 142 1218 159 ι
1238 120 1280 178 aa

93 323 159 364 non
183 298 307 362 editum
330 293 371 359 in'
385 296 524 362 Volscos
548 308 607 381 est,
639 320 701 362 nec
724 308 833 364 tamen
857 298 997 385 perpelli
1019 310 1168 387 potuere,
1191 310 1229 368 ut

93 389 165 451 acie
189 384 389 446 dimicarent.

197 468 284 533 LIV.
308 464 346 531 L.
371 469 490 532 Furius
521 469 598 534 inde
631 480 672 534 et
686 468 722 535 O.
746 469 887 534 Manlius
920 471 1079 536 consules.
1102 471 1263 542 Manliol

93 556 252 622 Veientes
274 555 443 640 provincia
466 556 585 619 evenit.
609 579 674 620 non
696 565 805 620 tamen
828 555 1001 640 bellatum,
1024 557 1171 623 indutiae
1193 559 1228 623 in

92 665 196 706 annos
221 642 435 727 quadraginta
465 642 651 724 petentibus
684 643 779 706 datae
810 642 973 706 frumento
997 644 1228 731 stipendioque

92 732 264 814 imperato.
302 728 377 811 paci
410 737 565 791 externae
603 728 772 792 confestim
816 730 1023 792 continuatur
1063 729 1263 798 discordiaa

92 816 193 878 domi.
206 816 352 896 agrariae
367 811 448 896 legis
458 813 638 878 tribuniciis
654 813 791 879 stimulis
808 813 902 898 plebs
912 814 1052 879 furebat.
1065 816 1227 898 consules,

94 900 177 965 nihil
208 900 339 963 Meneni
367 899 584 982 damnatione,
621 899 701 965 nihil
730 900 876 985 periculo
910 901 1055 965 deterriti
1088 901 1227 984 Servilii,

97 1008 226 1051 summa
233 987 266 1049 vi
275 987 440 1050 resistunt.
452 985 611 1050 abeuntes
621 987 813 1069 magistratu
823 985 882 1051 Cn.
899 986 1066 1052 Genucius
1076 988 1227 1053 tribunus

93 1073 201 1159 plebis
225 1072 368 1157 arripuit.
384 1116 385 1119 η
1167 1078 1169 1082 “

199 1157 237 1221 L.
261 1157 419 1221 Aemilius
454 1164 488 1219 et
515 1154 632 1241 Opiter
654 1157 830 1241 Verginius
862 1157 1066 1222 consulatum
1098 1158 1264 1241 ineunt;a

62 1304 64 1307 ,
93 1245 275 1330 Vopiscum
291 1243 409 1307 Iulium
432 1263 491 1325 pro
507 1243 662 1326 Verginio
685 1245 718 1307 in
735 1244 931 1329 quibusdam
955 1242 1125 1308 annalibus
1149 1266 1227 1309 con·

92 1330 200 1394 sulem
221 1330 360 1394 invenio.
384 1329 447 1392 hoc
470 1350 553 1392 anno
576 1351 862 1416 -quoscumque
885 1330 1033 1395 consules
1055 1329 1228 1394 habuit—

93 1416 144 1480 rei
176 1417 217 1479 ad
248 1413 404 1501 populum
436 1415 555 1478 Furius
587 1425 620 1479 et
650 1415 790 1479 Manlius
824 1417 1029 1480 circumeunt
1066 1416 1227 1480 sordidati

93 1524 161 1566 non
184 1501 312 1586 plebem
336 1501 439 1583 magis
463 1523 560 1587 quam
583 1501 726 1566 iuniores
748 1512 886 1587 patrum.
910 1503 1058 1585 suadent,
1081 1512 1225 1584 monent,
1245 1511 1263 1559 4
1331 1562 1334 1567 .

95 1588 278 1652 honoribus
312 1597 345 1651 et
374 1588 652 1651 administratione
684 1587 906 1674 reipublicae
929 1587 1128 1670 abstineant;
1151 1609 1226 1652 con-

92 1674 222 1739 sulares
254 1696 332 1739 vero
366 1673 480 1751 fasces,
541 1683 724 1739 raetextam
761 1673 971 1758 curulemque
1003 1673 1116 1738 sellam
1146 1672 1227 1738 nihil

95 1760 187 1824 aliud
211 1781 308 1844 quam
331 1782 486 1846 pompam
509 1696 630 1823 liineris
653 1769 782 1845 putent3
811 1760 907 1823 claris
929 1759 1111 1843 insignibus
1133 1758 1226 1824 velut

93 1845 203 1910 infulis
219 1846 344 1910 velatos
361 1846 402 1908 ad
426 1854 565 1909 mortem
582 1846 746 1910 destinari.
764 1847 851 1932 quod
876 1847 903 1910 si
925 1845 1112 1911 consulatus
1135 1854 1227 1909 tanta
1246 1857 1262 1904 ὅ

93 1932 235 1997 dulcedo
260 1933 310 2014 sit,
342 1934 406 1996 iam
428 1954 514 1994 nunc
537 1933 582 1994 ita
604 1933 637 1995 in
659 1934 801 1997 animum
824 1932 989 2013 inducant,
1023 1930 1226 1996 consulatum

91 2027 228 2103 captum
252 2027 285 2082 et
306 2041 499 2103 oppressum
522 2016 563 2080 ab
587 2017 761 2083 tribunicia
782 2027 945 2103 potestate
968 2039 1054 2099 esse3
1089 2016 1225 2100 consuli,

94 2106 187 2169 velut
208 2105 387 2189 apparitori
418 2103 602 2184 tribunicio,
635 2105 743 2168 omnia
773 2105 816 2167 ad
846 2113 961 2169 nutum
987 2104 1226 2190 imperiumque

95 2190 220 2254 tribuni
244 2191 372 2273 agenda
394 2211 481 2271 esse;
504 2189 531 2253 si
547 2212 581 2253 se
604 2192 825 2270 commoverit,
849 2191 875 2254 si
897 2191 1081 2275 respexerit
1103 2200 1225 2274 patres,
1247 2201 1264 2249 6

93 2279 123 2340 si
148 2276 237 2340 aliud
260 2298 357 2362 quam
380 2275 512 2361 plebem
529 2298 603 2347 esse¹
621 2277 654 2339 in
669 2298 705 2341 re
727 2275 860 2362 publica
883 2275 1067 2358 crediderit,
1091 2273 1227 2340 exilium

99 2363 159 2426 Cn.
183 2363 296 2442 Marci,
320 2362 450 2426 Meneni
483 2362 724 2426 damnationem
755 2372 789 2426 et
811 2371 949 2426 mortem
977 2361 1041 2424 sibi
1063 2370 1226 2447 proponat

93 2459 172 2513 ante
195 2448 315 2513 oculos.
348 2448 399 2512 his
430 2449 560 2511 accensi
581 2448 717 2512 vocibus
748 2458 859 2533 patres
892 2447 1025 2510 consilia
1054 2446 1131 2510 inde
1159 2461 1260 2510 nont

41 2589 43 2592 .
93 2534 237 2620 publica,
273 2534 331 2598 sed
363 2535 395 2597 in
428 2535 555 2619 privato
591 2534 792 2618 seductaque
814 2556 834 2597 a
856 2531 997 2617 plurium
1027 2532 1226 2596 conscientia
1269 2582 1271 2586 s

94 2621 255 2684 habuere.
280 2619 336 2684 ubi
359 2643 433 2685 cum
456 2619 488 2682 id
512 2620 610 2684 modo
635 2629 806 2701 constaret,
838 2620 909 2683 iure
940 2640 981 2682 an
1014 2619 1131 2682 iniuria
1162 2620 1224 2682 eri-

95 2707 234 2793 piendos
252 2729 324 2770 esse
340 2728 423 2789 reos,
447 2707 649 2770 atrocissima
664 2728 814 2790 quaeque
828 2706 971 2769 maxime
987 2702 1141 2790 placebat
1155 2726 1227 2769 sen·

93 2795 206 2871 tentia,
238 2815 298 2857 nee
331 2801 445 2857 auctor
500 2793 624 2856 uamvis
656 2792 772 2856 audaci
804 2792 940 2855 facinori
970 2790 1094 2855 deerat.
1127 2791 1261 2875 igiturc

92 2880 205 2943 iudicii
228 2879 290 2959 die,
324 2900 398 2942 cum
429 2815 523 2963 plebs
554 2879 587 2942 in
618 2876 689 2942 foro
722 2888 832 2942 erecta
864 2878 1091 2962 expectatione
1115 2885 1224 2957 staret,

92 2967 204 3029 mirari
234 2966 349 3049 primo,
381 2965 469 3050 quod
500 2986 565 3028 non
597 2963 811 3029 descenderet
841 2963 1005 3044 tribunus3
1039 2964 1123 3044 dein,
1152 2985 1225 3026 cum

91 3054 159 3116 iam
182 3073 278 3116 mora.
290 3051 473 3136 suspectior
487 3049 591 3132 fieret,
615 3050 806 3114 deterritum
829 3072 849 3113 a
867 3050 1065 3135 primoribus
1089 3047 1226 3113 credere

92 3148 128 3202 et
152 3138 315 3202 desertam
350 3159 388 3201 ac
411 3137 573 3221 proditam
607 3157 738 3200 oausam
759 3135 926 3221 publicam
949 3137 1057 3220 queri3
1080 3135 1260 3209 tandema

89 3226 149 3310 qui
173 3222 340 3288 obversati
362 3221 524 3287 vestibulo
548 3221 669 3286 tribuni
692 3221 829 3301 fuerant,
856 3223 1005 3286 nuntiant
1028 3221 1117 3285 domi
1139 3242 1224 3285 mor·

91 3321 185 3375 tuum
210 3332 281 3374 esse
301 3311 479 3375 inventum.
509 3309 597 3394 quod
621 3308 678 3372 ubi
698 3309 733 3371 in
755 3317 856 3372 totam
880 3309 1066 3372 contionem
1089 3305 1225 3393 pertulit
1247 3351 1249 3356 ·

90 3418 214 3478 rumor,
247 3397 329 3460 sicut
352 3397 437 3460 acies
459 3395 605 3458 funditur
629 3395 711 3458 duce
735 3396 854 3477 occiso,
889 3395 933 3456 ita
957 3393 1074 3478 dilapsi
1102 3393 1224 3478 passim

88 3482 146 3546 alii
169 3481 244 3549 alio.
275 3484 471 3568 praecipuus
502 3503 607 3566 pavor
629 3480 775 3545 tribunos
807 3482 981 3562 invaserat,
1014 3502 1111 3565 quam
1142 3478 1225 3542 nihil

89 3567 204 3632 auxilii
236 3577 382 3632 sacratae
413 3567 504 3651 leges
534 3565 703 3648 haberent,
740 3575 846 3631 morte
884 3565 1039 3649 conlegae
1074 3565 1224 3630 monitos.

89 3677 153 3720 nec
175 3664 286 3740 patres
303 3656 380 3718 satis
403 3656 572 3719 moderate
586 3653 672 3718 ferre
694 3651 864 3734 laetitiam3
888 3652 1037 3737 adeoque
1060 3652 1224 3716 neminem
1244 3670 1283 3717 ιο

90 3741 211 3806 noxiae
232 3741 430 3825 paenitebat,
464 3749 500 3804 ut
522 3741 620 3803 etiam
644 3739 788 3803 insontes
819 3739 936 3802 fecisse
962 3737 1074 3802 videri
1091 3735 1241 3812 sellem,

92 3825 271 3914 palamque
294 3826 433 3892 ferretur·
455 3824 541 3892 malo
566 3825 770 3893 domandam
788 3824 1013 3892 tribuniciam
1031 3823 1266 3960 potesqptem.
