2738 4146
85 153 127 212 68
336 165 445 215 menn
462 163 497 214 11.
517 163 592 213 oar.
612 165 653 213 re.
675 165 713 213 19.
733 161 767 224 [a.
785 162 818 214 u.
838 178 860 214 c.
878 163 1034 234 asa-esst

54 400 57 406 ,
96 354 112 403 1
239 334 366 398 XVIII.
394 335 575 420 Insequens
609 355 711 396 annus
738 334 930 398 Postumum
964 333 1146 399 Cominium
1181 346 1216 402 et
1239 337 1280 404 Τ.

95 442 113 491 2
137 420 290 484 Larcium
319 420 467 485 consules
492 420 614 483 habuit.
649 442 687 482 eo
714 441 797 482 anno
821 420 955 495 Romae,
993 443 1066 484 cum
1095 443 1155 505 per
1177 421 1281 487 ludos

137 506 178 571 ab
203 506 395 571 Sabinorum
423 509 589 570 iuventute
617 528 676 590 per
697 504 864 568 lasciviam
888 506 1039 570 mulieres
1066 519 1279 593 raperentur,

137 614 296 656 concursu
319 592 486 656 hominum
514 593 586 656 rixa
614 614 652 654 ac
679 614 783 677 prope
812 592 972 677 proelium
1000 593 1071 673 fuit,
1099 616 1277 680 parvaque

96 700 182 749 aex
208 701 244 742 re
276 678 317 742 ad
349 677 563 742 rebellionem
591 689 742 761 spectare
775 699 827 740 res
854 679 1037 742 videbatur.
1067 701 1167 763 super
1196 679 1280 746 belli

137 764 246 827 Latini
270 774 391 826 metum
415 766 447 827 id
473 786 602 849 quoque
625 773 815 845 accesserat,
840 765 930 848 quod
953 766 1084 849 triginta
1107 771 1172 828 iam
1196 788 1277 831 con-

136 852 262 913 iurasse
285 849 426 936 populos
449 851 630 914 concitante
655 848 794 913 Octavio
818 850 962 913 Mamilio
987 851 1064 914 satis
1088 852 1277 918 constabat.

95 960 114 1009 4
136 937 168 1000 in
195 936 255 999 hac
277 948 439 1001 tantarum
464 937 690 1018 expectatione
714 958 821 998 rerum
845 935 983 1000 sollicita
1006 938 1137 1001 civitate
1167 937 1277 1004 dicta-

137 1024 215 1086 toris
239 1023 379 1106 primum
403 1021 533 1086 creandi
558 1023 677 1084 mentio
706 1030 786 1086 orta.
819 1023 876 1086 sed
904 1045 965 1086 neo
989 1044 1053 1107 quo
1081 1045 1177 1105 anno,
1210 1047 1279 1091 nec

139 1107 257 1192 quibus
287 1107 483 1189 consulibus,
512 1109 588 1193 quia
616 1129 658 1172 ex
684 1106 824 1171 factione
847 1108 1068 1191 Tarquiniana
1096 1121 1208 1173 essent
1230 1148 1278 1158 —

137 1195 170 1257 id
194 1216 324 1279 quoque
349 1194 434 1256 enim
458 1196 597 1256 traditur
619 1228 670 1270 —‚
694 1216 809 1278 parum
837 1195 996 1258 creditum
1025 1195 1074 1275 sit,
1107 1217 1168 1259 nec
1199 1199 1277 1281 quis

96 1302 112 1351 5
137 1281 277 1365 primurn
302 1279 443 1342 dictator
466 1288 595 1343 creatus
620 1280 671 1359 sit,
696 1281 774 1342 satis
797 1291 933 1344 constat.
962 1281 1049 1365 apud
1072 1283 1274 1350 veterrimos

137 1379 245 1429 tamen
268 1375 418 1429 auctores
434 1365 471 1428 T.
487 1365 639 1428 Larcium
664 1365 856 1429 dictatorem
872 1368 1023 1450 primum,
1047 1364 1102 1451 Sp.
1121 1365 1276 1434 Cassium

137 1453 326 1536 magistrum
351 1453 496 1534 equitum
527 1460 652 1514 creatos
680 1452 819 1515 invenio.
852 1451 1039 1516 consulares
1068 1452 1194 1536 legere:
1228 1456 1276 1519 ita

95 1561 112 1610 e
137 1537 192 1602 lex
212 1536 349 1601 iubebat
378 1539 417 1601 de
443 1539 601 1601 dictatore
618 1538 759 1600 creando
776 1535 850 1600 lata.
876 1560 913 1602 eo
930 1540 1032 1621 magis
1056 1540 1214 1621 adducor,
1238 1552 1278 1606 ut

123 1624 270 1688 'credam
302 1623 470 1701 Larcium,
510 1624 566 1708 qui
602 1622 781 1687 consularis
818 1635 901 1705 erat,
941 1625 1048 1709 potius
1086 1648 1185 1711 quam
1217 1626 1276 1692 Μ’.

137 1708 303 1773 Valerium
314 1708 359 1771 M.
376 1708 476 1772 filium
488 1708 598 1772 Volesi
614 1720 777 1794 nepotem,
796 1710 851 1793 qui
866 1713 1009 1773 nondum
1027 1710 1139 1775 consul
1154 1711 1277 1794 fuerat,

96 1820 112 1868 7
137 1796 376 1859 moderatorem
401 1805 433 1858 et
456 1796 645 1878 magistrum
675 1794 860 1858 consulibus
888 1796 1088 1880 adpositum,
1128 1800 1216 1883 quia,
1247 1803 1275 1864 si

137 1883 278 1944 maxime
302 1903 344 1944 ex
368 1903 406 1943 ea
428 1881 548 1942 familia
570 1880 634 1963 legi
652 1881 845 1944 dictatorem
862 1880 992 1964 vellent,
1016 1892 1143 1965 patrem
1166 1883 1277 1950 multo

137 1969 245 2052 potius
270 1966 312 2029 M.
337 1966 503 2029 Valerium
529 1975 696 2051 spectatae
719 1967 848 2030 virtutis
878 1967 1141 2033 et.consularem
1164 1972 1275 2034 virum

136 2053 300 2136 legissent.

96 2165 112 2212 g
240 2137 357 2202 Creato
382 2138 539 2201 dictatore
555 2139 693 2221 primum
711 2138 843 2219 Romae,
859 2147 1031 2223 postquam
1048 2139 1207 2223 praeferri
1223 2163 1276 2204 se·

138 2246 232 2288 cures
248 2224 409 2303 viderunt,
427 2245 561 2304 magnus
584 2224 714 2307 plebem
739 2234 842 2287 metus
865 2225 1005 2304 incessit,
1021 2235 1058 2287 ut
1080 2225 1277 2293 intentiores

136 2319 245 2374 essent
259 2309 300 2371 ad
317 2309 401 2373 dicto
418 2311 608 2394 parendum.
638 2332 744 2393 neque
768 2313 861 2382 enim,
894 2309 1187 2386 utinconsulibus,
1217 2315 1275 2400 qui

136 2397 207 2481 pari
223 2405 383 2481 potestate
401 2405 518 2476 essent,
535 2395 666 2458 alterius
683 2395 847 2469 auxilium,
864 2418 970 2481 neque
993 2400 1183 2479 provocatio
1202 2411 1276 2464 erat

96 2510 112 2558 9
135 2503 244 2566 neque
269 2481 372 2545 ullum
393 2504 532 2567 usquam
553 2483 614 2545 nisi
635 2483 667 2543 in
691 2504 768 2545 cura
790 2482 926 2565 parendi
949 2481 1114 2547 auxilium.
1142 2483 1274 2550 Sabinis

138 2569 234 2633 etiam
245 2580 372 2632 creatus
384 2569 506 2632 Romae
517 2568 655 2631 dictator
664 2590 701 2631 eo
712 2570 824 2650 magis,
836 2569 922 2654 quod
934 2578 1070 2655 propter
1080 2592 1114 2633 se
1126 2581 1274 2638 creatum

96 2684 128 2732 10
140 2655 354 2734 crediderant,
378 2664 500 2717 metum
516 2655 659 2717 incussit.
684 2655 794 2738 itaque
818 2653 943 2736 legatos
960 2655 1000 2717 de
1023 2677 1104 2741 pace
1128 2657 1272 2723 mittunt.

139 2740 255 2825 quibus
280 2740 446 2802 orantibus
470 2740 661 2803 dictatorem
684 2751 906 2825 senatumque,
936 2751 971 2803 ut
992 2743 1121 2805 veniam
1150 2745 1276 2810 erroris

138 2825 323 2890 hominibus
347 2825 607 2888 adulescentibus
630 2826 754 2907 darent,
783 2848 985 2910 responsum,
1009 2828 1133 2910 ignosci
1155 2828 1270 2894 adule-

139 2911 304 2975 scentibus
320 2933 425 2994 posse,
436 2911 567 2975 senibus
583 2933 646 2974 non
662 2934 769 2996 posse,
781 2912 836 2997 qui
848 2910 933 2975 bella
943 2935 985 2975 ex
1000 2911 1094 2976 bellis
1111 2926 1272 2980 sererent.

96 3027 128 3074 11
140 3008 246 3061 aetum
268 3007 376 3061 tamen
401 3007 450 3061 est
473 2998 513 3060 de
535 3019 628 3082 pace,
657 2999 895 3083 impetrataque
922 2998 1014 3079 foret,
1044 3000 1081 3080 si,
1111 3001 1200 3085 quod
1225 3005 1274 3066 in·

139 3106 261 3171 pensae
282 3084 405 3147 factum
428 3086 460 3146 in
484 3083 605 3146 bellum
629 3093 708 3164 erat,
737 3096 903 3167 praestare
927 3082 1038 3147 Sabini
1063 3086 1160 3149 -id
1185 3089 1274 3153 enim

140 3169 339 3256 postulatum
362 3182 431 3233 erat
447 3207 486 3215 —
502 3171 533 3232 in
557 3172 699 3233 animum
714 3171 926 3233 induxissent.
952 3168 1073 3234 bellum
1096 3171 1272 3256 indictum3

140 3259 255 3321 tacitae
278 3258 421 3320 indutiae
446 3257 591 3342 quietum
615 3279 732 3319 annum
755 3267 899 3320 tenuere.

100 3373 113 3420 1
242 3343 336 3407 XIX.
361 3342 519 3407 Consules
536 3341 605 3404 Ser.
624 3341 786 3427 Sulpicius
802 3342 857 3405 Μ’.
871 3341 1012 3422 Tullius3
1035 3341 1114 3405 nihil
1138 3343 1274 3423 dignum

99 3461 116 3509 2
140 3431 296 3493 memoria
319 3440 435 3493 actum.
458 3430 495 3491 Τ.
513 3428 673 3491 Aebutius
697 3429 813 3492 deinde
838 3438 870 3492 et
890 3427 926 3492 O.
944 3427 1108 3492 Vetusius.
1126 3428 1176 3494 his
1193 3452 1272 3496 con·

141 3514 265 3579 sulibus
287 3515 433 3579 Fidenae
457 3515 620 3589 obsessae,
646 3513 868 3578 Crustumeria
891 3523 999 3598 capta,
1025 3514 1205 3580 Praeneste
1228 3516 1274 3583 ab

140 3601 265 3664 Latinis
289 3601 328 3663 ad
353 3601 515 3664 Romanos
538 3601 683 3664 descivit.
707 3623 767 3664 nec
789 3599 875 3664 ultra
898 3599 1020 3663 bellum
1034 3600 1187 3665 Latinum
1210 3602 1270 3688 gli-

100 3719 116 3768 3
141 3709 233 3751 scens
255 3688 318 3750 iam
342 3709 400 3770 per
423 3686 544 3772 aliquot
567 3709 668 3752 annos
692 3686 834 3750 dilatum.
858 3685 898 3750 A.
924 3685 1106 3750 Postumius
1131 3684 1277 3757 dictator

141 3773 178 3836 Τ.
202 3772 362 3837 Aebutius
382 3775 536 3856 magister
561 3775 704 3859 equitum
728 3775 854 3856 magnis·
876 3773 977 3856 copiis
1004 3772 1152 3855 peditum
1179 3777 1273 3863 equi·
1299 3845 1305 3859 ‚

90 3894 109 3937 1
136 3871 273 3943 tumque
290 3859 434 3945 profecti
459 3860 500 3924 ad
527 3859 636 3924 lacum
658 3858 821 3944 Regillum
842 3860 876 3921 in
898 3880 975 3941 agro
999 3856 1187 3927 Tusculano
1214 3884 1275 3949 ag·
