2738 4146
90 149 151 208 212
332 163 441 212 urana
457 165 506 215 ιιι.
526 163 600 214 car.
619 167 661 214 aa.
681 167 721 215 as.
742 164 774 232 [a.
793 158 827 215 u.
840 132 869 216 ¹o.
888 162 1043 232 noa-aot]⁸

103 352 119 400 s
166 343 301 401 etentes.
326 335 468 399 demissa
489 334 553 397 iam
576 334 609 396 in
633 334 805 398 discrimen
831 334 971 418 dignitas
988 356 1026 399 ca
1042 345 1151 401 aetate
1166 338 1273 424 iisque

139 357 319 485 bonoribus
346 422 427 485 actis
460 419 649 486 stimulabat
670 421 735 506 Ap.
760 419 940 485 Claudium.
975 423 1129 496 nescires,
1164 434 1272 488 utrum

103 507 225 572 4inter
252 507 455 570 decemviros
489 529 530 571 an
560 507 645 570 inter
677 506 868 571 candidatos
898 529 1097 572 numerares.
1136 512 1274 596 propior

140 593 305 657 interdum
327 593 469 679 petendo
495 614 591 678 quam
615 593 759 676 gerendo
782 594 986 676 magistratui
1002 603 1084 658 erat:
1110 597 1272 660 criminari

140 680 324 765 optimates,
370 677 527 743 extollere
572 677 820 742 candidatorum
864 678 1063 744 levissimum
1109 703 1273 768 quemque

105 763 431 851 thumillimumque‚
477 765 549 851 ipse
594 760 721 828 medius
764 764 851 827 inter
885 764 1087 848 tribunicios,
1132 767 1273 832 Duillios

140 850 326 936 Iciliosque,
358 852 390 914 in
422 851 494 914 foro
529 848 677 930 volitare,
710 873 769 936 per
799 849 872 914 illos
904 873 939 916 se
970 850 1059 935 plebi
1090 855 1272 936 venditare,

140 938 245 1001 donec
268 935 424 1021 conlegae
449 959 589 1023 quoque,
624 937 680 1022 qui
701 937 796 1000 unice
817 935 864 1001 illi
887 937 988 1002 dediti
1020 937 1150 1002 fuerant
1173 941 1213 1003 ad
1238 941 1270 1004 id

138 1034 279 1108 tempus,
303 1025 472 1088 coniecere
494 1023 527 1085 in
550 1021 761 1103 cumoculos,
785 1024 949 1105 mirantes,
973 1023 1051 1109 quid
1075 1023 1137 1088 sibi
1160 1025 1271 1093 vellet.

103 1127 120 1175 s
139 1131 298 1195 apparere
320 1108 400 1172 nihil
421 1108 538 1173 sinceri
554 1129 639 1190 esse,
663 1109 808 1193 profecto
824 1108 912 1172 haud
936 1112 1110 1192 gratuitam
1132 1112 1166 1174 in
1180 1121 1273 1178 tants

139 1194 293 1280 superbia
315 1197 501 1258 comitatem
523 1194 609 1275 fore3
640 1195 776 1258 nimium
803 1195 836 1258 iu
859 1195 1005 1260 ordinem
1029 1218 1064 1260 se
1087 1198 1194 1279 ipsum
1219 1220 1269 1262 co·

83 1344 85 1349 ,
138 1303 217 1365 gere
249 1291 281 1344 et
314 1280 441 1364 vulgari
474 1302 549 1344 cum
578 1280 714 1365 privatis
746 1302 811 1345 uon
841 1290 909 1345 tam
940 1284 1146 1366 properantis
1180 1284 1272 1348 abire

138 1368 331 1450 magistratu
354 1390 451 1453 quam
474 1367 560 1431 viam
585 1366 627 1429 ad
652 1367 905 1437 continuandum
927 1371 1152 1451 magistratum
1176 1392 1271 1455 quae-

104 1453 239 1520 trentis
263 1473 345 1516 esse.
369 1451 539 1539 propalam
565 1450 697 1516 obviam
718 1454 766 1515 ire
789 1453 958 1537 cupiditati
980 1475 1097 1538 parum
1120 1457 1192 1519 ausi
1216 1456 1271 1521 ob-

139 1538 347 1603 secundando
381 1537 507 1602 mollire
529 1538 687 1622 impetum
719 1539 963 1621 adgrediuntur.
999 1541 1203 1605 comitiorum
1224 1542 1270 1608 illi
1315 1598 1316 1601 ,

62 1628 65 1636 ’
138 1624 375 1706 habendorum,
409 1623 538 1710 quando
573 1625 725 1687 minimus
762 1633 841 1688 natu
877 1625 927 1706 sit,
960 1647 1077 1690 munus
1110 1649 1272 1693 consensu

103 1711 316 1794 siniungnnt.
340 1733 394 1774 ars
418 1711 594 1793 haeserat,
617 1731 658 1773 ue
681 1718 785 1773 semet
806 1711 878 1797 ipse
902 1732 1013 1775 creare
1037 1722 1157 1797 posset,
1182 1715 1269 1800 quod

138 1807 269 1882 praeter
290 1795 437 1861 tribunos
455 1795 559 1881 plebi,
584 1803 618 1859 et
638 1794 671 1858 id
688 1796 794 1881 ipsum
818 1797 961 1881 pessimo
986 1797 1150 1882 exemplo,
1174 1822 1271 1864 nemo

138 1905 292 1970 umquam
307 1878 448 1946 fecisset.
472 1881 527 1945 ille
544 1882 720 1964 enimvero,
737 1883 824 1968 quod
840 1881 925 1947 bene
940 1893 1057 1965 vertat,
1081 1884 1269 1949 habiturum

102 1989 118 2037 9
139 1992 174 2033 se
197 1969 327 2032 comitia
354 1968 531 2051 professus,
563 1967 832 2051 impedimentum
855 1991 914 2053 pro
942 1970 1111 2034 occasione
1134 1974 1270 2056 arripuit

139 2055 337 2139 deiectisque
352 2052 476 2117 honore
491 2075 551 2137 per
566 2053 736 2117 coitionem
754 2053 881 2118 duobus
898 2051 1067 2137 Quinctiis,
1084 2055 1269 2141 Capitolino

139 2150 171 2204 et
194 2139 394 2220 Cincinnato,
419 2148 451 2202 et
473 2148 589 2223 patruo
614 2160 671 2202 suo
688 2137 725 2204 O.
743 2137 891 2222 Claudio,
915 2143 1175 2206 constantissimo
1198 2146 1268 2208 viro

137 2228 169 2290 in
193 2227 396 2311 optimatium
420 2246 528 2307 causa,
561 2233 594 2287 et
625 2223 696 2290 aliis
729 2225 874 2290 eiusdem
901 2226 1022 2310 fastigii
1045 2228 1183 2310 civibus,
1215 2252 1270 2294 ne·

138 2334 303 2398 quaquam
340 2309 515 2396 splendore
545 2311 631 2375 vitae
663 2333 759 2395 pares
794 2312 996 2377 decemviros
1029 2325 1128 2398 creat,
1167 2337 1202 2378 se
1233 2318 1266 2380 in

85 2407 120 2455 ιο
146 2399 269 2486 primis,
303 2398 391 2486 quod
422 2396 510 2462 haud
534 2418 629 2460 secus
659 2398 780 2462 factum
810 2397 1029 2483 inprobabant
1051 2400 1136 2481 boni,
1170 2424 1268 2488 quam

138 2507 234 2549 nemo
257 2484 366 2550 facere
382 2505 536 2547 ausurum
553 2483 745 2548 crediderat.
770 2485 869 2547 creati
893 2506 965 2549 cum
982 2507 1019 2549 eo
1035 2485 1079 2548 M.
1098 2483 1270 2553 Cornelius

87 2581 119 2628 11
137 2571 379 2654 Maluginensis,
396 2569 441 2632 M.
459 2567 602 2652 Sergius,
626 2569 663 2631 L.
687 2569 860 2649 Minucius,
878 2567 917 2648 Q.
934 2569 1057 2635 Fabius
1075 2571 1269 2656 Vibulanus,

139 2655 177 2736 Q.
202 2650 368 2733 Postibus,
391 2656 428 2720 Τ.
451 2654 613 2718 Antonius
636 2655 804 2738 Merenda,
827 2655 869 2718 K.
885 2655 1039 2735 Duillius,
1056 2655 1112 2742 Sp.
1139 2656 1270 2745 Oppius

138 2741 309 2822 Cornicen,
332 2741 387 2804 M’.
409 2739 597 2805 Rabuleius.

103 2840 116 2887 1
239 2827 398 2891 XXXVI.
430 2825 490 2890 Ille
521 2825 593 2889 finis
624 2825 734 2911 Appio
766 2824 891 2889 alienae
922 2848 1081 2910 personae
1111 2827 1269 2896 ferendae

137 2915 211 2997 fuit3
236 2937 294 2978 suo
318 2917 382 2979 iam
404 2913 481 2977 inde
496 2913 607 2976 vivere
629 2912 758 2995 ingenio
782 2913 889 2996 coepit
910 2933 1080 2998 novosque
1103 2914 1268 3001 conlegas,

137 3004 201 3066 iam
223 3002 313 3088 prius
338 3021 414 3064 uam
436 2999 555 3062 inirent
577 2998 811 3080 magistratum,
834 2998 867 3060 in
883 3019 958 3062 suos
981 3005 1089 3064 mores
1113 2999 1263 3066 formare.

101 3100 117 3148 2
139 3087 259 3153 cotidie
283 3022 415 3151 coibant
437 3085 570 3149 remotis
594 3083 740 3165 arbitris3
771 3083 847 3146 inde
869 3084 1092 3170 inpotentibus
1116 3087 1264 3153 instructi

139 3173 289 3254 consiliis,
322 3194 407 3259 quae
429 3179 555 3235 secreto
579 3167 621 3235 ab
653 3168 724 3234 aliis
747 3168 939 3254 coquebant,
972 3171 1036 3233 iam
1059 3169 1148 3236 haud
1172 3173 1267 3239 dissi·

139 3258 291 3325 mulaudo
307 3257 503 3343 superbiam,
526 3257 590 3321 rari
607 3255 723 3337 aditus,
746 3254 1015 3343 conloquentibus
1038 3256 1200 3340 difficiles,
1224 3259 1264 3323 ad

102 3347 211 3410 sidus
234 3345 338 3410 Maias
370 3367 438 3408 rem
456 3343 656 3428 perduxere.
688 3341 761 3405 idus
784 3350 852 3405 tum
875 3342 982 3408 Maiae
1014 3341 1189 3410 sollemnes
1219 3347 1263 3410 in-

139 3432 252 3497 eundis
275 3428 516 3514 magistratibus
548 3436 650 3493 erant.
688 3427 765 3492 inito
788 3429 887 3512 igitur
909 3429 1101 3512 magistratu
1123 3432 1264 3516 primum

139 3518 270 3582 honoris
317 3517 402 3581 diem
448 3515 691 3579 denuntiatione
737 3515 875 3596 ingentis
920 3515 1052 3578 terroris
1099 3516 1261 3602 insignem

138 3605 257 3668 fecere.
295 3625 369 3666 nam
394 3624 466 3665 cum
489 3603 535 3663 ita
557 3600 682 3684 priores
706 3599 880 3663 decemviri
903 3608 1098 3681 servassent,
1122 3611 1160 3667 ut
1181 3626 1263 3669 uuus

140 3690 244 3753 fasces
259 3688 405 3765 haberet,
431 3697 463 3751 et
484 3684 548 3749 hoc
569 3687 692 3769 insigne
715 3685 840 3768 regium
862 3685 895 3748 in
911 3685 1027 3750 orbem
1049 3709 1142 3751 suam
1159 3693 1262 3755 cuins·

137 3798 203 3857 que
227 3776 329 3838 vicem
361 3796 423 3860 per
449 3794 560 3836 omnes
596 3772 667 3854 iret,
704 3770 810 3835 subito
844 3793 954 3835 omnes
993 3793 1065 3836 cum
1104 3774 1264 3841 duodenis

77 3874 99 3917 4
116 3859 271 3922 &scibas
291 3861 462 3946 prodiere.
489 3869 623 3925 centum
643 3857 759 3942 viginti
772 3855 909 3921 lictores
930 3856 1037 3924 forum
1058 3859 1264 3974 inpleverpnt
