2738 4146
94 133 157 191 204
354 147 463 198 LIBER
480 147 566 198 xxn.
585 147 660 198 cAP.
678 152 721 199 69.
739 151 781 200 60.
800 145 834 215 [a
852 145 885 198 U.
904 163 927 198 c.
945 144 1016 216 5381.

145 319 203 384 sed
225 320 388 404 praesidio
412 321 526 384 castris
548 319 663 401 relicti,
686 343 760 385 cum
783 330 891 385 castra
904 319 1124 400 traderentur,
1138 319 1170 380 in
1187 322 1266 402 pote·

95 414 263 472 testatem
285 405 428 470 hostium
449 415 618 471 venerunt.
642 406 730 469 haud
755 408 906 493 equidem
922 403 1019 469 ullius
1036 405 1119 470 civis
1142 412 1176 467 et
1190 422 1265 466 com·

145 490 298 556 militonis
321 493 471 556 fortunae
487 503 544 557 aut
558 492 741 557 condicioni
754 493 885 557 invideo
901 513 962 556 nee
977 489 1160 575 premendo
1177 487 1266 551 alium
1294 490 1302 498 ‘

145 601 198 643 me
219 577 376 643 extulisse
397 576 495 643 velim
517 611 562 626 -
581 600 623 643 ne
638 577 684 642 illi
700 579 843 664 quidem,
859 579 920 642 nisi
936 576 1139 663 pernicitatis
1154 575 1268 660 pedum

145 672 177 729 et
208 686 321 729 cursus
353 664 485 752 aliquod
516 665 697 748 praemium
726 673 785 741 est,
814 665 869 750 qui
896 662 1047 750 plerique
1069 664 1212 726 inermes
1233 679 1269 722 ex

144 750 215 815 acie
246 749 407 834 fugientes
439 772 505 814 non
535 751 625 837 prius
654 772 752 835 quam
774 748 938 815 Venusiae
961 757 1019 813 aut
1041 747 1176 814 Canusii
1202 766 1267 810 con-

145 837 305 917 stiterunt,
329 858 365 901 se
386 835 480 901 nobis
503 837 617 902 merito
640 834 855 936 praetulerint
876 835 1073 922 gloriatique
1096 835 1162 898 sint
1184 834 1217 896 in
1239 852 1269 895 se

94 941 125 990 11
144 921 218 1072 plus
246 944 343 1008 quam
369 923 403 985 in
424 922 520 987 nobis
542 922 698 1008 praesidii
719 923 766 987 rei
789 921 941 1007 publicae
964 943 1046 989 esse.
1071 920 1132 985 sed
1156 915 1268 985 stillis
1312 984 1316 999 ,

128 1059 134 1067 .
169 1009 238 1073 onis
260 1031 299 1073 ac
319 1008 458 1073 fortibus
480 1007 636 1073 militibus
657 1009 792 1072 utemini
815 1018 848 1072 et
869 1007 964 1072 nobis
980 1008 1080 1072 etiam
1094 1004 1270 1093 promptio-

144 1093 235 1160 ribus
262 1116 327 1181 pro
361 1095 475 1179 patria,
508 1116 582 1158 cum
610 1093 769 1165 beneficio
796 1103 905 1159 vestro
932 1093 1097 1179 redempti
1119 1090 1271 1178 atquein

94 1186 127 1235 12
168 1182 283 1244 atriam
300 1183 442 1245 restituti
456 1180 621 1245 fuerimus.
639 1179 794 1244 dilectum
810 1202 852 1243 ex
868 1181 955 1244 omni
970 1188 1080 1252 aetate
1095 1188 1130 1244 et
1144 1178 1271 1242 fortuna

143 1204 285 1331 dabatis:
302 1277 375 1330 octo
390 1264 480 1330 milia
494 1289 663 1331 servorum
678 1267 775 1330 audio
791 1268 919 1331 armari.
929 1288 994 1329 non
1006 1267 1112 1330 minor
1121 1283 1271 1328 numeru

142 1362 253 1418 noster
285 1363 344 1434 est,
376 1374 438 1417 nec
468 1354 590 1417 maiore
622 1354 727 1438 pretio
759 1353 875 1417 redimi
907 1374 1090 1434 possumus,
1119 1371 1220 1438 quam
1250 1349 1271 1411 ii

145 1447 296 1503 emuntur
317 1457 374 1520 -3
396 1461 470 1502 nam
496 1441 522 1503 si
545 1437 710 1504 conferam
731 1460 791 1504 nos
807 1461 880 1503 cum
896 1437 970 1520 illis,
986 1438 1138 1502 iniuriam
1151 1433 1272 1500 nomini

93 1532 125 1580 13
143 1524 288 1589 Romano
310 1524 439 1589 faciam.
462 1523 543 1589 illud
564 1526 661 1590 etiam
676 1525 709 1588 in
723 1525 781 1589 tali
796 1523 929 1590 consilio
946 1522 1272 1589 animadvertendum

141 1609 236 1675 vobis
258 1632 419 1693 censeam,
442 1621 552 1696 patres
575 1612 758 1695 conscripti,
782 1613 809 1674 si
821 1613 886 1674 iam
902 1611 1049 1675 duriores
1065 1631 1139 1675 esse
1152 1606 1271 1681 velitis,

142 1697 228 1781 quod
264 1696 353 1763 nullo
389 1707 500 1762 nostro
537 1699 652 1761 merito
683 1696 818 1780 faciatis,
846 1698 899 1761 cui
924 1719 984 1761 nos
1011 1696 1099 1761 hosti
1130 1693 1273 1761 relicturi

143 1784 221 1848 sitis.
245 1783 373 1868 Pyrrho
388 1783 554 1867 videlicet,
571 1785 626 1869 qui
642 1783 808 1869 hospitum
823 1805 959 1847 numero
973 1784 1120 1868 captivos
1136 1777 1273 1846 habuit?

92 1877 124 1924 14
143 1891 183 1933 an
213 1867 356 1935 barbaro
389 1892 428 1934 ac
453 1869 576 1948 Poeno,
605 1871 660 1955 qui
681 1879 791 1933 utrum
814 1871 944 1934 avarior
966 1891 1007 1933 an
1030 1866 1200 1932 crudelior
1222 1866 1271 1945 sit,

92 1965 123 2012 15
142 1956 199 2019 vix
221 1957 398 2020 existimari
420 1954 550 2041 potest?
573 1955 600 2018 si
621 1955 759 2020 videatis
783 1965 924 2036 catenas,
947 1954 1144 2042 squalorem,
1169 1952 1273 2018 defor-

142 2042 288 2105 mitatem
304 2041 423 2105 civium
437 2051 632 2119 vestrorum,
649 2062 714 2104 non
729 2042 835 2106 minus
851 2042 997 2127 profecto
1013 2063 1073 2105 vos
1090 2063 1130 2105 ea
1146 2039 1273 2126 species

141 2135 282 2208 moveat,
306 2149 404 2213 quam
426 2128 454 2191 si
477 2150 520 2192 ex
534 2125 637 2191 altera
652 2138 745 2212 parte
758 2129 896 2192 cernatis
912 2136 1030 2191 stratas
1046 2125 1273 2192 Cannensibus

90 2223 123 2272 te
142 2214 263 2297 campis
295 2211 440 2297 legiones
470 2223 608 2278 vestras.
641 2213 759 2278 intueri
788 2215 927 2300 potestis
956 2211 1211 2278 sollicitudinem
1242 2218 1274 2275 et

140 2298 289 2364 lacrimas
311 2301 345 2363 in
366 2297 528 2365 vestibulo
553 2300 660 2364 curiae
683 2300 836 2364 stantium
859 2308 1071 2383 cognatorum
1085 2308 1274 2363 nostrorum

141 2387 448 2473 exspectantiumque
470 2407 663 2471 responsum
685 2396 842 2451 vestrum.
866 2408 941 2450 cum
963 2387 986 2448 ii
1007 2406 1067 2471 pro
1089 2383 1186 2449 nobis
1202 2404 1273 2469 pro·

141 2494 205 2556 que
226 2473 275 2554 iis,
292 2474 347 2559 qui
363 2472 490 2554 absunt,
506 2474 551 2536 ita
566 2472 717 2557 suspensi
732 2494 771 2536 ac
785 2471 913 2537 solliciti
929 2473 1001 2551 sint,
1019 2493 1116 2557 quem
1132 2469 1274 2535 censetis

140 2560 283 2623 animum
305 2561 450 2644 ipsorum
473 2581 555 2631 esse,
581 2580 718 2644 quorum
740 2559 773 2622 in
789 2558 975 2622 discrimine
990 2556 1273 2642 vitalibertasque

89 2657 121 2705 1⁷
141 2642 211 2707 est?
235 2645 293 2709 sed
317 2646 354 2724 si,
379 2667 432 2709 me
455 2644 526 2708 dius
542 2643 648 2727 fidius,
664 2645 782 2728 ipsein
798 2666 858 2709 nos
874 2646 959 2708 mitis
971 2642 1139 2706 Hannibal
1158 2653 1280 2717 contra

140 2739 288 2793 naturam
319 2752 412 2794 suam
443 2752 515 2795 esse
545 2729 634 2813 velit,
656 2729 736 2793 nihil
759 2743 866 2796 tamen
889 2730 983 2793 nobis
1003 2731 1073 2793 vita
1094 2751 1178 2814 opus
1201 2746 1273 2792 esse

140 2836 340 2896 censeamus,
373 2837 446 2880 cum
479 2815 603 2900 indigui
634 2826 671 2880 ut
697 2815 934 2881 redimeremur
958 2814 1052 2879 vobis
1075 2816 1139 2879 visi
1161 2815 1271 2879 simus.

88 2915 121 2965 18
139 2900 267 2966 rediere
303 2900 441 2965 Romam
478 2903 641 2987 quondam
677 2904 805 2968 remissi
841 2925 861 2966 a
896 2901 1023 2988 Pyrrho
1046 2901 1131 2966 sine
1163 2901 1271 2987 pretio

140 2987 271 3072 captivi,
305 2987 364 3052 sed
395 2989 523 3053 rediere
556 3010 630 3053 cum
659 2988 784 3074 legatis,
818 2988 1014 3073 primoribus
1047 2988 1200 3068 civitatis,
1230 2984 1272 3048 ad

138 3074 347 3138 redimendos
379 3096 451 3139 sese
483 3076 603 3140 missis:
635 3077 768 3141 redeam
800 3099 861 3160 ego
892 3078 926 3139 in
952 3074 1093 3160 patriam
1117 3073 1272 3138 trecentis

138 3161 278 3224 nummis
299 3182 364 3225 non
387 3161 575 3226 aestimatus
598 3162 702 3228 civis?
725 3183 818 3226 suum
842 3164 980 3249 quisque
1004 3159 1104 3224 habet
1118 3160 1271 3239 animum,

87 3262 119 3310 19
139 3255 248 3330 patres
281 3248 466 3332 conscripti.
498 3249 566 3312 seio
599 3249 631 3312 in
659 3248 843 3312 discrimine
867 3271 939 3312 esse
960 3249 1062 3311 vitam
1085 3264 1272 3332 corpusque

138 3353 262 3395 meum:
285 3334 389 3416 magis
405 3355 457 3398 me
468 3332 573 3398 famae
589 3332 771 3419 periculum
786 3342 908 3413 movet,
924 3355 967 3398 ne
982 3355 1002 3397 a
1016 3331 1110 3398 vobis
1127 3327 1271 3396 damnati

139 3439 177 3482 ac
207 3417 329 3503 repulsi
357 3418 527 3502 abeamus;
556 3420 772 3506 nequeenim
794 3440 853 3484 vos
877 3420 982 3505 pretio
1007 3418 1195 3505 pepercisse
1217 3417 1272 3480 ho·

92 3572 95 3578 4
138 3505 242 3568 mines
266 3504 430 3573 credent.“

97 3607 111 3656 1
239 3589 311 3654 LX.
335 3589 402 3654 Ubi
423 3591 451 3654 is
473 3589 572 3656 finem
593 3591 679 3672 fecit,
702 3589 869 3676 extemplo
885 3590 927 3655 ab
945 3612 984 3653 ea
1006 3592 1112 3671 turba,
1136 3612 1222 3677 quae
1239 3589 1271 3652 in

137 3675 266 3740 comitio
283 3684 361 3759 erat,
379 3676 501 3741 clamor
515 3675 633 3741 flebilis
656 3685 705 3740 est
720 3674 877 3758 sublatus,
894 3698 1074 3762 manusque
1090 3676 1132 3740 ad
1148 3678 1271 3741 curiam

96 3781 111 3828 2
136 3761 315 3826 tendebant
330 3772 468 3843 orantes,
485 3773 521 3827 ut
536 3762 598 3827 sibi
613 3761 744 3843 liberos,
763 3760 890 3841 fratres,
914 3775 1068 3846 cognatos
1083 3763 1269 3827 redderent.

126 3847 269 3912 amiras
292 3869 426 3938 quoque
449 3859 556 3916 metus
579 3870 618 3914 ac
636 3847 814 3912 necessitas
836 3850 869 3913 in
891 3849 961 3914 foro
984 3848 1101 3913 turbae
1124 3850 1271 3913 virorum
