2738 4146
101 289 162 352 28„
190 293 246 337 tum
260 288 393 352 elephanti
406 277 535 351 Madvig
548 286 680 336 Woelff-

193 375 276 425 liuio
294 373 465 442 probante]
490 378 609 423 sextum
629 373 680 423 ele·

195 462 296 527 phanti.

105 570 164 632 ²92³
195 567 229 616 ad
249 571 352 616 rentum
375 565 553 630 quadraginta
570 564 682 613 Luter-

195 653 325 716 bacher,
351 652 435 701 Edit.
463 654 526 701 1882
551 657 682 700 auctore

196 740 366 790 Gronovio
393 744 426 789 st
443 737 570 787 collato
589 737 682 800 Poly-

195 827 249 875 bio
262 827 311 889 ΙΙΙ,
330 823 393 891 45]]
423 824 457 873 ad
485 829 590 874 centum
608 837 682 871 sexa·

202 911 280 972 ginta.

122 1013 174 1080 3⁰⁷7
203 1016 304 1078 pervias
325 1016 417 1079 paucis
441 1029 507 1074 esse,
535 1028 592 1062 esse
612 1029 683 1062 exer-

179 1093 183 1098 ’
204 1101 297 1150 citlbus
315 1101 382 1151 loh.
401 1101 538 1150 Mueller
552 1099 681 1148 Emeud.

201 1187 271 1237 Tac.
294 1187 306 1236 1
326 1185 426 1254 (1866),
454 1203 479 1251 p.
506 1190 545 1248 12,
573 1187 683 1234 Luter-

95 1305 96 1308 =
199 1273 323 1325 bacher
344 1274 428 1323 Edit.
450 1275 514 1322 1882
543 1271 683 1336 Append.

198 1358 683 1425 p.lt'l‚cf.quaedixiZeitschr.

197 1447 251 1497 f.d.
271 1447 464 1497 osterreich.
485 1445 682 1510 Gymu.1876,

197 1551 222 1599 p.
241 1533 305 1598 432]
324 1533 428 1597 pervias
445 1531 529 1581 faucis
544 1547 600 1581 asse
614 1548 684 1581 exer-

199 1620 302 1670 citibus.

112 1725 165 1788 31„
171 1754 178 1787 1
199 1739 337 1789 novosque
350 1723 434 1787 gignit
446 1724 562 1785 gurgites
574 1721 683 1771 Kider-

198 1809 247 1859 lin
264 1809 416 1859 Blaetter
434 1809 450 1856 f.
468 1807 575 1872 bayer.
596 1808 683 1872 Gym-

200 1894 417 1945 nasialweseu
437 1894 536 1958 XVIII,
556 1898 682 1959 611110-

199 1979 683 2048 hanteLuterbacherie]novos·

201 2083 253 2132 que
271 2068 395 2132 gurgites.

111 2175 167 2238 32„
198 2172 301 2236 torpida
310 2171 453 2235 Woelfflin,
474 2171 509 2221 cf.
529 2172 614 2222 Edit.
626 2173 682 2237 Ap-

200 2258 301 2323 pand,
319 2274 345 2321 p.
367 2260 425 2324 188]
445 2259 551 2308 torrida.

113 2363 168 2429 aa„
200 2376 250 2410 nec
268 2362 459 2425 aspemandum
487 2363 555 2413 cod.
574 2362 605 2432 0]
633 2380 682 2413 uec

200 2448 389 2512 aspernandos.

113 2539 167 2600 31„
198 2537 420 2599 circumspectans
443 2535 624 2600 sollicitusque
648 2537 681 2585 ad

200 2622 288 2670 omnia
297 2623 328 2669 A.
340 2602 682 2686 Luchslcircrrmspectans

200 2708 288 2756 omnia
305 2706 494 2771 sollicitusque.

114 2796 167 2860 36,
200 2792 302 2842 lubrica
314 2793 447 2864 Madvig
463 2793 593 2844 Emend.
606 2795 682 2858 Liv.,

202 2895 227 2944 p.
269 2880 320 2928 268
356 2879 428 2928 adn.
465 2880 682 2943 probantibus

199 2965 417 3028 Woelfflinio,
435 2965 605 3029 Frigellio,
623 2967 683 3016 Lu·

199 3049 421 3118 terbacherio]
442 3053 486 3099 via
504 3052 612 3102 lubrica.

114 3141 168 3206 37„
199 3141 354 3202 apricosque
365 3137 530 3187 Woelfflin
542 3154 579 3188 ex
588 3142 682 3189 vesti·

199 3226 261 3288 giis
289 3222 357 3274 cod.
378 3221 407 3290 C]
433 3225 588 3288 apricosque
606 3242 682 3290 quos-

89 3314 93 3321 '
198 3311 267 3360 dam.

112 3401 166 3466 38,
198 3398 311 3446 maxime
335 3395 401 3445 cod.
425 3394 547 3462 optimi]
571 3399 683 3447 maxime

198 3501 248 3534 me.

115 3575 170 3638 38„
201 3570 311 3620 Taurini
364 3567 499 3632 Semigalli
553 3569 682 3634 Madvig

199 3655 331 3706 Emend.
344 3654 421 3718 Liv.,
438 3671 463 3719 p.
484 3653 681 3716 ‘rtuwoelff-

198 3743 283 3794 linio
302 3737 471 3806 probante]
490 3740 599 3790 Taurini
617 3756 682 3791 sane

199 3827 277 3881 Galli.

1244 121 1305 175 263

734 289 787 354 39„
818 291 882 354 quia
908 290 1001 340 volens
1028 292 1056 340 in
1084 293 1226 341 amicitiam
1254 309 1308 342 non

820 378 945 428 veniebat
967 378 1051 427 Edit.
1074 377 1145 446 vet]
1175 381 1237 444 quia
1263 396 1308 429 vo·

821 462 907 514 lentes
934 467 961 514 in
984 465 1126 513 amicitiam
1149 479 1203 514 non
1220 467 1308 516 venie·

821 549 1309 615 bant(cf.philologRundschau

825 639 900 696 1882,
919 654 945 700 p.
963 638 1033 697 642).

824 726 886 786 quia
898 723 987 787 plures
997 725 1122 786 perierint
1130 739 1210 788 quam
1219 739 1310 790 super-

824 809 1309 871 sint,emendationeshlschef-

822 894 889 944 ahii
909 895 994 962 (quia)
1022 901 1053 944 et
1079 895 1222 945 Rubenii
1239 895 1309 963 (qui

823 983 933 1031 omisit
951 980 1048 1047 paene)
1071 982 1308 1035 secutushaec

822 1068 927 1117 verba
954 1083 1024 1118 cum
1051 1068 1217 1131 Frigellio
1245 1084 1308 1118 non

823 1155 959 1217 semovi,
1007 1155 1039 1204 cf.
1085 1155 1308 1220 Bitschofsky,

823 1241 1027 1291 Zeitschr.⁸f.
1058 1245 1170 1290 batert.
1199 1241 1307 1306 Gymn.

825 1328 900 1388 1885,
919 1343 944 1390 p.
963 1325 1023 1393 355]
1045 1325 1100 1393 [qui
1118 1326 1206 1390 plures
1224 1343 1325 1392 paene,

824 1414 948 1476 perierint
966 1428 1044 1477 quam
1064 1413 1213 1482 supersint]

823 1500 927 1564 torpida
971 1498 1146 1549 Woelfflin
1190 1501 1309 1566 Lipsio

825 1587 970 1652 auctore]
990 1586 1097 1638 torrida.
1346 1585 1348 1591 '

820 1674 882 1736 quia
908 1672 1018 1736 adsequi
1053 1677 1121 1720 terra
1147 1675 1310 1738 nequieram,

821 1773 955 1821 regressus
969 1758 1145 1819 Woelfflin,
1164 1759 1202 1810 cf.
1226 1758 1307 1808 Edit.

823 1845 966 1908 Append.
985 1860 1010 1909 p.
1031 1842 1089 1912 134]
1117 1846 1180 1909 quia
1197 1846 1308 1911 adsequi

822 1936 891 1980 terra
921 1945 974 1979 uon
1004 1935 1122 1995 poteram
1158 1947 1244 1996 neque
1267 1933 1308 1994 Η,

824 2033 966 2081 regressus.

736 2107 790 2169 41„
821 2107 936 2152 maxima
954 2104 1086 2168 Madvig
1105 2103 1308 2155 Gronovium

823 2188 969 2256 secutus]
991 2192 1111 2239 inanime.

736 2278 789 2341 423
822 2282 848 2324 et
860 2282 887 2324 ut
901 2277 1029 2338 cuiusque
1040 2275 1131 2323 Valla
1142 2276 1170 2323 M
1176 2277 1316 2341 advigio.

821 2360 1034 2426 Luchsicque
1074 2361 1309 2430 probantibus]

821 2448 957 2510 cariusque.

734 2536 787 2598 43„
818 2534 908 2582 Padus
935 2534 1018 2582 amnis
1045 2535 1129 2581 maior
1165 2549 1197 2583 ac
1222 2534 1307 2586 Edit.

823 2624 891 2676 vet..
924 2620 1042 2685 quibus
1070 2620 1309 2673 adsentiuntur

821 2706 962 2770 Madvig,
1000 2705 1154 2769 Schenkl,
1191 2708 1307 2773 Luchs,

820 2790 1070 2859 Luterbacher]
1100 2793 1189 2843 Padus
1213 2800 1306 2859 amnis,

822 2880 907 2928 maior
925 2878 1015 2928 Padus
1033 2895 1073 2928 ae.

736 2968 789 3032 44„
819 2970 961 3015 mortemve
986 2964 1051 3014 cod.
1078 2963 1110 3031 P]
1134 2973 1306 3034 mortemque.

736 3055 788 3117 45,S
821 3059 943 3115 precatur
969 3051 1194 3102 Luterbacher
1220 3055 1306 3119 Edit,

826 3140 889 3187 1882
908 3154 933 3201 p.
955 3137 1013 3201 147]
1033 3144 1163 3201 precatus.

736 3225 789 3291 ta„
822 3229 848 3274 et
860 3224 1004 3274 secundum
1024 3224 1090 3273 cod.
1101 3223 1142 3292 Ρ.]
1158 3228 1304 3278 secundum

735 3313 789 3376 dih,
818 3311 862 3359 hic
889 3313 936 3361 erit
963 3310 1030 3359 cod.
1056 3310 1078 3358 P
1100 3309 1137 3378 M]
1168 3318 1239 3376 erat,
1267 3315 1304 3364 cf.

822 3396 1305 3465 Woelfflin-LuterbacherAp-

823 3483 923 3547 pend,
942 3500 966 3546 p.
987 3485 1043 3531 134.

735 3571 788 3636 49„
819 3575 959 3633 monetque
1010 3568 1167 3632 Lilybaeum
1219 3571 1302 3622 Edit.

821 3660 880 3705 vet.
912 3655 1024 3719 (Paris.
1049 3653 1128 3722 1510)
1146 3658 1304 3719 probante

736 724 790 789 40„

738 1502 792 1566 40„

736 1673 789 1736 41„

822 3741 1040 3806 Woelfflinio]
1081 3746 1231 3808 monetque,
1274 3750 1304 3793 ut

821 3825 997 3890 Lilybaeum,
