2738 4146
87 163 149 224 222
403 175 512 225 LIBER
528 175 577 225 111.
597 173 672 224 car.
690 177 733 224 47.
751 176 792 225 aa.
814 171 847 241 [a.
866 173 900 224 U.
918 189 941 224 o.
959 171 1030 241 3051.

138 350 238 414 tacito
260 345 340 413 fletu
362 369 461 448 quam
489 345 557 411 ulla
578 368 645 411 vox
674 344 837 410 movebat.
876 346 1035 410 adversus
1059 369 1144 431 quae
1166 345 1263 410 omnia

140 434 302 499 obstinato
326 454 433 498 ammo
456 432 584 517 Appius
606 441 760 496 -tanta
782 433 832 497 vis
855 433 1014 511 amentiae
1042 434 1152 498 verius
1175 455 1264 519 quarn

140 522 260 584 amoris
282 529 425 584 mentem
448 519 705 584 turbaverat-
726 520 759 582 in
781 517 924 582 tribunal
947 518 1104 599 escendit,
1133 529 1166 584 et
1186 519 1264 584 ultro

141 617 299 693 querente
314 627 418 692 pauca
439 606 591 692 petitore,
615 605 703 690 quod
718 606 767 668 ius
783 603 846 668 sibi
860 604 966 689 pridie
988 625 1049 688 per
1057 604 1266 669 ambitionem

141 695 263 757 dictum
284 713 351 757 non
372 704 469 773 esset,
497 690 688 777 priusquam
720 700 777 755 aut
797 690 852 754 ille
874 688 1076 774 postulatum
1100 701 1268 776 perageret

141 788 198 844 aut
220 777 378 863 Verginio
409 777 632 860 respondendi
654 778 787 842 daretur
808 775 909 857 locus,
932 777 1067 862 Appius·
1091 777 1267 840 interfatur.

107 877 239 951 oquem
262 863 395 928 decreto
411 884 593 927 sermonem
614 863 846 946 praetenderit,
868 862 977 927 forsan
992 860 1137 947 aliquem
1158 884 1268 928 verum

141 959 290 1014 auctores
322 950 446 1033 antiqui
467 948 676 1030 tradiderint3
709 949 785 1034 quia
816 969 976 1049 nusquqm
1000 947 1104 1012 ullum
1126 949 1161 1011 in
1183 959 1270 1014 tanta

140 1035 296 1100 foeditate
329 1035 453 1098 decreti
481 1036 552 1099 veri
588 1033 726 1098 similem
756 1035 899 1117 invenio,
936 1034 980 1115 rd,
1014 1033 1103 1119 quod
1136 1044 1269 1115 constat,

141 1122 265 1186 nudum
286 1120 417 1186 videtur
439 1121 699 1205 proponendum,
733 1121 884 1184 decresse
911 1119 1068 1184 vindicias
1093 1121 1271 1184 secundum

106 1223 123 1270 e
142 1208 343 1272 servitutem.
365 1207 471 1291 primo
495 1215 609 1291 stupor
631 1228 741 1270 omnes
757 1207 970 1270 admiratione
992 1206 1041 1270 rei
1062 1214 1130 1269 tam
1154 1207 1271 1271 atrocis

142 1292 270 1374 defixit3
307 1291 467 1357 silentium
504 1293 579 1355 inde
611 1290 812 1377 aliquamdiu
842 1293 955 1356 tenuit.
994 1291 1081 1374 dein,
1120 1313 1196 1357 cum
1227 1291 1268 1357 M.

142 1377 299 1444 Claudius
322 1378 607 1442 circumstantibus
629 1379 786 1442 matronis
808 1378 871 1442 iret
892 1378 935 1440 ad
958 1378 1185 1463 prendendam
1207 1379 1269 1444 vir·

141 1465 260 1547 ginem,
281 1462 563 1549 lamentabilisque
580 1485 654 1527 eum
669 1462 842 1527 mulierum
858 1462 1058 1548 conploratio
1077 1466 1271 1549 excepisset,

107 1566 122 1613 t
141 1550 315 1635 Verginius
336 1550 497 1614 intentans
521 1550 553 1611 in
569 1550 712 1635 Appium
734 1572 848 1614 manus
866 1548 996 1635 ,Icilio“
1020 1550 1135 1634 inquit,
1153 1551 1270 1636 „Appi,

141 1658 205 1699 non
227 1634 405 1699 tibi-filiam
431 1635 591 1720 despondi
614 1645 647 1699 et
669 1635 712 1698 ad
733 1637 920 1720 nuptiarum
942 1635 1110 1718 honorem,
1142 1657 1209 1700 non
1230 1636 1271 1699 ad

142 1720 299 1785 amiculae
322 1722 465 1786 dedecus
488 1721 635 1785 educavi.
667 1721 838 1806 passurine
861 1720 942 1785 haec
972 1721 1026 1785 isti
1048 1722 1121 1802 sint,
1145 1723 1271 1802 nesci03

106 1824 206 1873 anon
222 1830 317 1893 spero
335 1829 406 1873 esse
429 1828 581 1891 passuros
603 1806 686 1887 illos,
711 1808 766 1892 qui
789 1829 880 1870 arma
898 1807 1052 1871 habent⁴‘.
1077 1829 1152 1871 cum
1167 1806 1272 1895 repel-

141 1893 263 1957 leretur
282 1894 429 1957 adsertor
443 1894 576 1975 virginis
592 1916 611 1955 a
626 1891 724 1977 globo
740 1892 912 1958 mulierum
929 1894 1272 1980 circumstantiumque

142 1979 385 2058 advocatorum,
410 1977 570 2041 silentium
593 1979 713 2042 factum
735 2002 796 2064 per
816 2001 1020 2064 praeconem.

108 2083 121 2130 1
244 2063 400 2127 XLVIII.
417 2064 602 2146 Decemvir,
619 2063 757 2128 alienato
778 2066 820 2129 ad
842 2065 1010 2128 libidinem
1032 2066 1151 2145 animo,
1174 2073 1273 2149 negat

142 2172 185 2212 ex
218 2148 371 2213 hesterno
411 2158 535 2212 tantum
566 2151 710 2214 convicio
747 2151 830 2214 Icilii
860 2150 1080 2237 violentiaque
1114 2150 1270 2233 Verginii,

143 2237 233 2299 cuius
256 2244 374 2299 testem
397 2234 554 2321 populum
576 2235 757 2300 Romanum
781 2236 910 2318 habeat,
934 2237 994 2301 sed
1017 2237 1114 2300 certis
1138 2257 1269 2322 quoque

142 2321 269 2385 indiciis
301 2331 505 2407 compertum
535 2343 570 2384 se
604 2321 726 2386 habere
758 2331 854 2386 nocte
886 2331 954 2386 tota
986 2332 1099 2386 coetus
1131 2323 1165 2385 in
1187 2322 1271 2386 urbe

106 2423 122 2471 a
141 2408 246 2472 factos
262 2429 334 2472 esse
351 2407 391 2470 ad
407 2407 601 2472 movendam
619 2408 819 2472 seditionem.
843 2409 953 2493 itaque
968 2430 1003 2472 se
1025 2407 1115 2472 haud
1134 2409 1272 2472 inscium

143 2496 211 2558 eius
236 2493 450 2557 dimicationis
483 2516 556 2556 cum
587 2495 717 2557 armatis
741 2495 961 2574 descendisse,
993 2516 1059 2558 non
1088 2503 1127 2558 ut
1159 2515 1270 2580 quem·

143 2602 240 2665 quam
264 2580 407 2665 quietum
431 2579 577 2652 violaret,
603 2579 660 2643 sed
682 2589 718 2643 ut
741 2579 908 2644 turbantes
926 2580 1063 2644 civitatis
1086 2581 1190 2644 otium
1212 2601 1272 2665 pro

108 2666 311 2729 tmaiestate
333 2666 461 2748 imperii
489 2674 663 2729 coerceret.
698 2667 855 2750 ,proinde
888 2667 1017 2751 quiesse
1040 2666 1103 2731 erit
1132 2663 1270 2729 melius⁴‘

35 2783 37 2786 ⁴
143 2751 261 2835 inquit3
296 2752 335 2831 ,i,
368 2750 471 2833 lictor,
507 2750 666 2816 submove
689 2751 818 2815 turbam
841 2762 874 2816 et
897 2753 939 2815 da
961 2753 1048 2816 viam
1071 2751 1204 2815 domino
1227 2749 1269 2815 ad

143 2835 369 2920 prendendum
392 2836 618 2921 mancipium“.
642 2858 715 2901 cum
738 2837 820 2901 haec
840 2838 1032 2902 intonuisset
1054 2836 1170 2922 plenus
1193 2838 1271 2918 irae,

142 2918 316 2985 multitudo
347 2923 418 3004 ipsa
449 2944 484 2986 se
515 2944 575 2986 sua
601 2927 716 3008 sponte
752 2924 894 3000 dimovit,
929 2924 1125 3008 desertaque
1148 2923 1272 3009 praeda

106 3021 123 3067 4
141 3007 277 3070 iniuriae
292 3006 402 3093 puella
418 3008 534 3071 stabat.
551 3019 619 3072 tum
636 3008 819 3092 Verginius,
837 3009 893 3073 ubi
907 3008 988 3072 nihil
1002 3030 1142 3094 usquam
1158 3007 1270 3071 auxilii

141 3094 231 3169 vidit,
257 3094 419 3178 „quaeso“
444 3096 557 3181 inquit,
576 3095 691 3182 ,Appi
715 3096 855 3180 primum
870 3096 1002 3177 ignosce
1024 3095 1130 3180 patrio
1155 3093 1270 3173 dolori,

142 3180 169 3241 si
193 3201 256 3263 quo
280 3178 503 3243 inclementius
530 3181 562 3243 in
597 3191 629 3244 te
661 3203 733 3244 sum
754 3182 915 3259 invectns3
949 3181 1067 3244 deinde
1098 3181 1186 3246 sinas
1218 3179 1271 3244 hic

143 3286 252 3327 coram
274 3266 400 3348 virgine
421 3267 579 3329 nutricem
601 3269 816 3352 percunctari,
840 3267 918 3352 quid
941 3266 1006 3331 hoc
1027 3267 1076 3331 rei
1099 3268 1150 3345 sit,
1175 3275 1222 3347 ut,
1245 3267 1271 3328 si

140 3349 222 3415 falso
255 3361 348 3435 pater
381 3351 484 3415 dictus
519 3375 600 3431 sum,
634 3354 787 3439 aequiore
818 3352 894 3416 hinc
925 3354 1030 3417 animo
1066 3347 1267 3416 discedam“.

105 3436 218 3499 adata
240 3438 336 3501 venia
371 3438 498 3501 seducit
520 3437 618 3500 liliam
650 3460 688 3501 ac
710 3440 869 3502 nutricem
901 3460 1006 3525 prope
1030 3436 1206 3503 Cloacinae
1228 3436 1268 3501 ad

142 3521 306 3601 tabernas,
331 3522 447 3608 qulbus
470 3545 558 3586 nunc
580 3525 674 3587 novis
699 3534 747 3588 est
769 3547 896 3607 nomen,
930 3536 1027 3609 atque
1048 3524 1096 3588 ibi
1119 3523 1159 3587 ab
1183 3523 1268 3588 lanio

143 3607 246 3672 cultro
271 3619 402 3693 arrepto
428 3608 510 3689 ,hoc
542 3618 574 3673 te
598 3631 662 3673 uno
687 3633 750 3695 quo
774 3611 928 3695 possum“
962 3611 1006 3674 ait
1030 3610 1159 3691 „modo,
1191 3608 1268 3689 filia,

15 3757 18 3766 ,
54 3718 56 3722 ⁴
141 3694 174 3756 in
197 3692 382 3758 libertatem
404 3692 564 3759 vindico“.
597 3705 712 3781 pectus
736 3697 854 3761 deinde
901 3694 1007 3760 uellae
1029 3695 1193 3780 transfigit
1222 3717 1269 3758 re·

140 3789 358 3867 spectansque
381 3781 422 3844 ad
450 3779 591 3845 tribunal
616 3780 686 3866 „te“
711 3783 824 3869 inquit,
850 3720 967 3866 „dppi
991 3791 1151 3866 tuumque
1174 3787 1269 3866 capnt

88 3867 290 3950 osanguine
312 3867 379 3934 boc
403 3867 597 3935 consecro“.
620 3867 765 3934 clamore
786 3869 832 3932 ad
849 3878 920 3932 tam
938 3877 1036 3930 atrox
1051 3867 1176 3932 lacinus
1199 3875 1268 3931 orto
