2738 4146
87 139 148 198 191
346 152 457 202 Lissa
474 152 560 201 xxm
579 151 655 203 111.
673 155 716 201 41.
733 155 776 203 41.
794 150 831 218 [a
848 151 884 202 1.
900 167 924 202 e.
941 150 1013 218 saal.

87 342 122 390 to
141 324 250 386 auimo
271 323 417 387 incussit
449 323 484 385 di
516 344 621 406 prope
641 324 705 408 ipsi
733 344 772 386 eo
795 322 849 384 die
870 323 975 404 magis
997 321 1156 385 distulere
1178 344 1269 408 quam

140 407 340 494 prohibuere
376 410 599 472 imminentem
636 418 764 492 pestem
796 408 965 487 Romanis3
997 430 1075 472 nam
1109 409 1196 472 forte
1231 410 1270 472 its

87 503 119 549 11
140 495 260 576 evenit,
281 504 327 568 ut,
350 516 426 559 cum
441 494 556 558 referri
578 496 672 575 signa
689 496 722 557 in
738 506 847 557 castra
861 492 986 559 iubenti
1008 493 1134 557 consuli
1155 493 1271 559 11111111

138 601 205 644 111
245 592 386 662 arerent,
409 582 495 644 servi
512 580 587 662 duo,
602 580 768 643 Formiani
781 602 875 661 unus,
898 579 981 643 alter
995 578 1132 644 Sidicini
1149 583 1271 666 equitis,

139 667 195 751 qui
217 602 355 730 lervttio
369 676 468 752 atque
482 665 583 729 Atilio
606 665 793 729 consulibus
808 668 894 729 inter
914 665 1128 749 pabulatores
1144 668 1270 752 excepti

138 773 159 815 a
180 749 330 816 Numidis
351 750 489 834 fuerant,
510 751 724 838 profugerent
746 772 785 815 eo
802 751 855 815 die
880 752 921 814 ad
945 752 1106 815 dominos.
1130 753 1271 817 deducti·

140 859 204 923 que
241 837 282 900 ad
321 837 471 902 consules
506 839 656 901 nuntiant
696 859 825 902 omnem
862 839 1044 902 exercitum
1080 838 1272 903 Hannibalis

88 933 228 987 1111111
248 924 418 1009 proximos
439 937 566 988 montes
587 924 704 987 sedere
718 925 752 986 in
770 924 904 987 insidiis.
927 923 1043 987 horum
1069 935 1270 1011 opportunus

138 1009 298 1074 adventus
336 1008 485 1073 consules
522 1010 650 1095 imperii
692 1019 843 1094 potentes
886 1009 974 1090 fecit,
1019 1031 1094 1073 cum
1139 1011 1270 1076 ambitio

138 1094 272 1245 alqerius
287 1117 379 1158 suam
395 1096 535 1180 primum
550 1095 637 1183 apud
653 1117 710 1159 eos
725 1117 828 1180 prava
842 1094 1044 1178 indulgentia
1066 1097 1270 1162 maiestatem

138 1182 299 1245 11111111.

98 1279 112 1326 1
240 1266 367 1330 XLIII.
400 1263 576 1347 Hannibal,
606 1276 781 1353 postquam
813 1275 920 1330 motos
955 1267 1060 1349 magis
1090 1267 1270 1332 inconsulte

138 1352 302 1417 Romanos
319 1374 418 1439 quam
440 1352 481 1415 ad
504 1351 653 1417 ultimum
669 1363 794 1416 temere
816 1363 948 1416 evectos
963 1351 1056 1435 vidit,
1071 1355 1269 1439 nequiquam

98 1440 270 1504 tdetecta
290 1438 405 1501 fraude
427 1438 461 1500 11
484 1449 590 1502 castra
610 1439 716 1503 rediit.
753 1437 800 1502 ibi
830 1437 942 1523 plures
974 1437 1045 1501 dies
1066 1452 1206 1525 propter
1226 1442 1270 1503 in·

139 1525 246 1610 opiam
269 1524 423 1588 frumeuti
445 1546 577 1588 manere
598 1527 721 1609 nequit,
743 1545 894 1608 novaque
911 1523 1045 1588 consilia
1063 1525 1098 1588 in
1114 1525 1186 1590 dies
1207 1549 1270 1590 non

139 1610 227 1697 apud
247 1609 366 1674 milites
388 1609 493 1675 solum
517 1611 636 1674 mixtos
668 1632 711 1674 11
733 1608 924 1675 conluvione
947 1611 1093 1675 omnium
1115 1613 1269 1695 gentium,

98 1697 197 1761 used
220 1697 317 1761 etiam
339 1696 428 1782 apud
462 1697 579 1762 ducem
610 1698 716 1781 ipsum
750 1696 947 1761 oriebantur.
984 1717 1161 1762 namnum
1182 1699 1270 1762 initio

138 1782 295 1867 fremitus,
333 1782 451 1846 deinde
494 1791 612 1867 aperta
645 1781 834 1847 vociferatio
870 1780 985 1846 fuisset
1027 1785 1272 1868 exposcentium

139 1869 336 1954 stipendium
353 1868 498 1932 debitum
510 1870 779 1954 querentiumque
798 1889 958 1931 annonam
997 1869 1090 1942 rimo,
1105 1879 1271 1955 postremo

139 1955 268 2038 famem,
300 1965 333 2019 et
358 1955 598 2018 mercennarios
628 1953 757 2038 milites,
790 1955 933 2018 maxime
995 1955 1100 2038 'spani
1133 1959 1272 2038 generis,

98 2056 114 2103 4
140 2041 180 2104 de
190 2041 379 2104 transitione
389 2041 515 2123 cepisse
525 2038 693 2104 consilium
702 2038 792 2104 fama
804 2049 899 2122 esset,
911 2040 984 2125 ipse
999 2041 1099 2106 etiam
1107 2041 1270 2108 interdum

144 2124 305 2191 Hannibal
327 2126 368 2190 de
389 2125 468 2210 fuga
488 2126 523 2188 in
547 2123 688 2190 Galliam
711 2125 831 2190 dicitur
852 2126 1003 2208 agitasse,
1026 2127 1072 2189 ita
1093 2137 1132 2191 ut
1157 2127 1271 2193 relicto

98 2231 114 2277 s
141 2213 287 2298 peditatu
309 2213 396 2276 omni
418 2234 493 2275 cum
516 2211 679 2297 equitibus
701 2234 737 2275 11
763 2212 957 2299 proriperet.
995 2233 1070 2276 cum
1085 2211 1177 2279 ‘haec
1199 2236 1272 2278 con-

140 2298 211 2362 silia
234 2310 332 2385 atque
356 2297 409 2361 hic
441 2297 572 2362 habitus
606 2299 786 2363 animorum
809 2306 897 2362 esset
922 2298 1104 2379 incastris,
1139 2320 1272 2365 movere

138 2385 214 2449 inde
231 2386 344 2450 statuit
357 2386 391 2448 in
406 2383 563 2448 calidiora
577 2394 676 2469 atque
692 2406 730 2448 1ο
746 2385 925 2449 maturiora
945 2383 1109 2448 messibus
1132 2385 1272 2472 Apuliae

139 2472 219 2552 loca,
243 2470 339 2537 simul
361 2480 406 2553 ut,
441 2492 505 2556 quo
528 2469 657 2553 longius
680 2470 721 2533 ab
745 2471 839 2533 hoste
860 2470 1060 2552 recessisset,
1092 2471 1272 2556 transfugia

97 2577 113 2624 1
137 2557 346 2645 impeditiora
359 2555 487 2622 levibus
501 2557 637 2639 ingeniis
654 2565 771 2620 111111.
788 2555 956 2640 profectus
967 2565 1016 2619 est
1030 2565 1127 2619 nocte
1142 2557 1271 2639 ignibus

139 2642 286 2708 similiter
307 2644 399 2706 factis
421 2641 706 2727 tabernaculisque
722 2643 835 2727 paucis
859 2643 891 2705 in
915 2643 1060 2728 speciem
1081 2641 1215 2725 relictis,
1238 2653 1273 2708 ut

98 2730 326 2798 tiusidiarum
359 2750 420 2814 par
451 2729 553 2814 priori
583 2739 689 2792 metus
718 2730 897 2792 contineret
923 2729 1096 2791 Romanos.
1128 2729 1188 2793 sed
1215 2753 1274 2814 per

138 2816 278 2880 eundem
301 2816 472 2879 Lucanum
495 2812 657 2879 Statilium
689 2814 837 2878 omnibus
868 2813 953 2877 ultra
982 2824 1090 2878 castra
1115 2823 1272 2902 transque

137 2911 264 2966 montes
286 2899 463 2985 exploratis
486 2923 558 2964 cum
586 2899 725 2964 relatum
748 2912 833 2964 11111
859 2901 966 2964 visum
987 2898 1104 2983 procul
1128 2900 1271 2968 bostium

96 3009 113 3058 8
137 3009 263 3072 agmen,
295 2997 364 3053 tum
388 2986 429 3050 de
449 2986 652 3071 insequendo
676 3008 715 3051 eo
744 2984 876 3050 consilia
897 2986 1013 3069 agitari
1038 2995 1166 3072 coepta.
1200 3011 1273 3054 cum

136 3074 306 3159 utriusque
322 3071 464 3137 consulis
480 3077 606 3155 eadem,
623 3095 707 3158 quae
723 3081 798 3136 ante
813 3094 952 3156 semper,
965 3071 1080 3136 1111111
1096 3075 1269 3157 sententia,

139 3170 282 3225 ceterum
305 3158 445 3223 Varroni
460 3157 529 3222 fere
553 3181 674 3240 omnes,
690 3157 793 3223 Paulo
808 3179 905 3223 nemo
929 3167 1061 3242 praeter
1084 3156 1270 3244 Servilium,

98 3247 256 3332 aprioris
280 3247 353 3309 anni
376 3242 550 3326 considam,
582 3244 808 3326 adsentiretur,
843 3267 886 3309 ex
919 3245 1050 3308 maioris
1072 3247 1176 3330 partis
1201 3269 1269 3311 sen-

137 3334 239 3397 tentia
270 3333 312 3396 ad
341 3329 560 3395 nobilitandas
587 3328 680 3395 clade
706 3330 852 3394 Romana
875 3328 1003 3395 011111
1037 3342 1175 3415 urgente
1206 3333 1270 3396 fato

88 3444 121 3491 10
138 3418 277 3504 profecti
309 3427 392 3482 sunt.
430 3438 534 3502 prope
557 3439 632 3481 eum
653 3417 761 3481 vicum
783 3414 949 3480 Hannibal
979 3427 1086 3480 castra
1117 3428 1271 3502 posuerat

138 3527 255 3571 aversa
277 3527 297 3568 a
318 3503 479 3568 Vulturno
503 3513 610 3584 vento,
635 3503 690 3587 qui
705 3503 827 3587 campis
850 3502 981 3566 torridis
998 3503 1144 3567 siccitate
1166 3504 1267 3568 nubes

140 3590 283 3677 pulveris
306 3589 407 3654 vehit.
431 3588 465 3651 id
482 3610 557 3652 cum
579 3587 657 3673 ipsis
682 3587 795 3650 castris
814 3589 1086 3672 percommodum
1107 3588 1179 3671 fuit,
1202 3601 1269 3654 turn

139 3677 279 3747 salutare
306 3676 482 3760 praecipue
497 3672 640 3737 futurum
662 3683 740 3754 erat,
765 3696 839 3737 cum
862 3674 964 3737 aciem
989 3674 1186 3762 derigerent,
1209 3677 1270 3762 ipsi

140 3764 255 3846 aversi,
278 3771 371 3846 terga
393 3769 518 3825 tantum
541 3758 682 3823 adflante
704 3769 815 3844 11111,
847 3759 881 3822 in
904 3770 1112 3835 occaecatum
1134 3762 1269 3848 pulvere

132 3849 240 3914 1111111
262 3848 393 3914 bostem
417 3846 604 3935 pugnaturi.
