2738 4146
87 124 148 184 112
367 133 477 182 LIBER
495 132 567 182 XXI.
586 131 661 182 CAP.
680 135 704 182 5.
723 135 747 182 6.
767 130 801 198 [a.
818 129 852 181 U.
871 145 892 180 c.
911 127 982 196 5361.

138 307 290 371 mendica
311 305 441 388 profugi
464 302 615 368 exulibus
640 301 811 382 Olcadum,
840 301 948 385 priore
972 306 1097 364 aestate
1128 297 1270 363 domitae

138 393 255 473 gentis,
288 413 362 455 cum
395 412 431 454 se
458 390 649 471 iunxissent,
680 389 842 451 concitant
864 386 1066 471 Carpetanos
1098 385 1270 470 adortique

102 476 358 546 8Hannibalem
402 498 588 559 regressum
625 497 667 539 ex
705 473 860 537 Vaccaeis
902 472 988 536 haud
1028 470 1143 557 procul
1179 471 1270 555 Tago

103 563 282 643 allumine,
308 584 424 646 agmen
447 583 547 644 grave
571 561 693 645 praeda
724 559 910 623 turbavere.
948 556 1115 623 Hannibal
1146 558 1270 642 proelio

138 649 296 715 abstinuit
320 649 500 734 castrisque
523 669 623 731 super
645 646 749 731 ripam
781 645 907 731 positis,
940 667 1014 709 cum
1048 645 1157 730 prima
1179 645 1270 730 quies

139 734 369 821 silentiumque
392 732 433 797 ab
451 732 599 797 hostibus
614 732 683 813 fuit,
707 753 834 795 amnem
858 731 944 797 vado
967 731 1095 795 traiecit
1116 728 1269 814 valloque

137 824 187 886 ita
208 821 378 907 producto,
402 829 438 884 ut
460 819 566 883 locum
590 819 631 881 ad
648 817 956 901 transgrediendum
973 816 1083 881 hostes
1099 815 1269 895 haberent,
1306 823 1310 829 '

88 932 122 980 ιο
138 908 296 973 invadere
328 928 385 970 eos
417 913 622 969 transeuntes
654 906 776 968 statuit.
815 903 981 990 equitibus
1012 904 1193 989 praecepit,
1226 912 1270 986 ut,

139 1017 212 1059 cum
228 994 389 1077 ingressos
405 1013 523 1076 aquam
538 991 696 1072 viderent,
713 990 918 1055 adorirentur
932 990 1127 1075 impeditum
1142 1011 1269 1073 agmen,

137 1083 172 1144 in
194 1081 266 1164 ripa
289 1078 545 1163 elephantos-
568 1077 781 1162 quadraginta
803 1086 912 1141 autem
935 1084 1090 1140 erant-
1115 1075 1269 1161 disponit.

89 1191 121 1239 11
140 1165 399 1250 Carpetanorum
431 1186 504 1227 cum
534 1162 770 1248 appendicibus
795 1161 956 1228 Olcadum
979 1161 1272 1247 Vaccaeorumque

141 1262 270 1316 centum
301 1249 391 1313 milia
423 1250 523 1330 fuere,
562 1250 683 1312 invicta
719 1250 816 1331 acies,
855 1249 882 1313 si
919 1269 1025 1333 aequo
1060 1248 1272 1313 dimicaretur

89 1350 123 1398 12
141 1359 268 1421 campo.
306 1337 416 1421 itaque
448 1346 480 1400 et
503 1335 632 1417 ingenio
661 1334 787 1398 feroces
819 1344 852 1399 et
882 1332 1090 1399 multitudine
1120 1333 1197 1399 freti
1230 1344 1272 1416 et,

141 1424 229 1510 quod
253 1431 343 1486 metu
366 1423 503 1486 cessisse
527 1421 705 1485 credebant
728 1420 865 1503 hostem,
897 1420 932 1484 id
963 1421 1083 1484 morari
1099 1421 1272 1485 victoriam

142 1511 212 1590 rati,
247 1508 335 1594 quod
365 1509 537 1572 interesset
568 1508 680 1588 amnis,
713 1506 855 1572 clamore
886 1505 1014 1572 sublato
1046 1508 1170 1592 passim
1202 1507 1272 1571 sine

141 1594 238 1660 ullius
261 1595 407 1679 imperio,
432 1615 497 1679 qua
520 1595 637 1679 cuique
661 1594 847 1678 proximum
870 1601 929 1675 est,
953 1594 987 1657 in
1009 1615 1138 1658 amnem
1163 1602 1272 1658 ruunt.

90 1692 176 1745 13at
198 1691 355 1766 exparte
379 1678 483 1744 altera
503 1681 595 1763 ripae
618 1678 668 1745 vis
691 1679 804 1763 ingens
828 1681 973 1765 equitum
1004 1680 1038 1742 in
1066 1677 1189 1744 flumen
1213 1680 1271 1744 im·

141 1769 249 1842 missa,
275 1767 450 1852 medioque
473 1764 566 1829 alveo
597 1764 851 1850 haudquaquam
884 1766 956 1851 pari
988 1766 1166 1830 certamine
1198 1787 1274 1830 con·

90 1870 124 1918 14
143 1876 283 1934 cursum,
308 1854 429 1938 quippe
452 1851 508 1915 ubi
530 1851 632 1935 pedes
654 1850 813 1916 instabilis
833 1873 875 1916 -ac
898 1852 955 1915 vix
977 1851 1062 1916 vado
1084 1850 1192 1917 fidens
1218 1849 1272 1916 vel

143 1940 183 2004 ab
209 1939 323 2001 inermi
347 1938 455 2023 equite
479 1959 563 2022 equo
587 1947 710 2001 temere
733 1947 803 2002 acto
837 1938 982 2024 perverti
1013 1946 1137 2024 posset,
1170 1958 1273 2022 eques

142 2046 282 2109 corpore
320 2025 483 2107 armisque
519 2022 612 2105 liber,
650 2044 735 2110 equo
772 2022 825 2089 vel
868 2046 927 2109 per
963 2024 1089 2089 medios
1126 2025 1274 2109 gurgites

92 2110 261 2191 laetabili,
301 2111 479 2173 comminus
517 2109 707 2195 eminusque
744 2131 814 2174 rem
856 2119 995 2194 gereret.
1040 2132 1117 2194 pars
1154 2130 1276 2194 magna

144 2196 276 2260 flumine
300 2194 485 2279 absumpta3
520 2195 652 2281 quidam
674 2196 836 2261 verticoso
871 2197 958 2259 amni
983 2195 1081 2261 delati
1103 2197 1138 2261 in
1160 2196 1275 2261 hostes

91 2303 124 2351 le
143 2282 184 2348 ab
209 2281 390 2366 elephantis
420 2280 529 2344 obtriti
562 2289 646 2345 suut.
684 2283 851 2365 postremi,
885 2282 1004 2368 quibus
1035 2304 1208 2366 regressus
1242 2282 1275 2347 in

143 2392 236 2434 suam
258 2369 362 2452 ripam
385 2368 485 2432 tutior
507 2368 576 2445 fuit,
600 2389 644 2432 ex
665 2368 757 2432 varia
778 2368 995 2453 trepidatione
1018 2390 1094 2433 cum
1116 2369 1151 2433 in
1172 2391 1275 2433 unum

143 2455 383 2538 colligerentur,
406 2455 596 2539 priusquam
620 2475 639 2516 a
661 2463 750 2517 tanto
773 2476 897 2539 pavore
928 2456 1113 2541 reciperent
1136 2455 1274 2539 animos,

142 2539 307 2605 Hannibal
331 2542 459 2623 agmine
483 2540 641 2624 quadrato
666 2562 793 2604 amnem
817 2541 980 2624 ingressus
1003 2542 1114 2626 fugam
1137 2563 1181 2606 ex
1202 2543 1277 2626 ripa

142 2628 219 2692 fecit
240 2628 441 2712 vastatisque
464 2626 551 2709 agris
574 2627 658 2689 intra
680 2647 802 2710 paucos
826 2625 895 2691 dies
919 2626 1120 2712 Carpetanos
1143 2650 1275 2715 quoque

94 2736 124 2782 ιτ
143 2715 176 2776 in
199 2713 396 2776 deditionem
410 2713 555 2794 accepit.
581 2722 613 2775 et
635 2713 697 2774 iam
723 2713 831 2776 omnia
852 2721 940 2778 trans
956 2713 1120 2778 Hiberum
1142 2725 1277 2799 praeter

144 2797 343 2882 Saguntinos
367 2796 684 2880 Carthaginiensium
708 2809 809 2862 erant.

108 2909 122 2955 1
247 2883 304 2947 VI.
329 2882 412 2947 Cum
437 2882 629 2966 Saguntinis·
645 2882 766 2947 bellum
782 2885 925 2949 nondum
942 2894 1025 2967 erat3
1049 2893 1197 2950 ceterum
1213 2888 1277 2952 iam

142 2968 221 3034 belli
257 2990 355 3033 causa
387 2971 564 3032 certamina
600 2991 675 3034 cum
709 2969 852 3035 finitimis
891 2971 1094 3054 serebantur,
1132 2974 1276 3038 maxime

107 3084 123 3131 2
143 3056 349 3120 Turdetanis.
374 3054 492 3141 quihus
516 3078 588 3119 curn
612 3056 744 3120 adesset
765 3057 864 3136 idem,
898 3059 954 3144 qui
987 3057 1052 3122 litis
1080 3068 1152 3122 erat
1174 3069 1274 3142 sator,

142 3165 204 3206 nec
239 3152 402 3206 certamen
432 3141 521 3222 iuris,
560 3141 618 3206 sed
650 3143 717 3207 vim
749 3144 861 3227 quaeri
900 3153 1083 3228 appareret,
1121 3143 1224 3229 legati
1256 3167 1276 3209 a

143 3229 329 3313 Saguntinis
359 3228 496 3291 Romam
527 3229 616 3291 missi
649 3227 804 3292 auxilium
842 3230 884 3292 ad
923 3229 1045 3295 bellum
1082 3231 1149 3295 iam
1186 3230 1275 3296 haud

6 3367 7 3370 ,
107 3316 243 3391 3‹lubie
273 3316 443 3378 imminens
476 3324 615 3379 orantes.
655 3313 804 3378 consules
842 3324 921 3379 tunc
953 3317 1076 3381 Romae
1113 3328 1208 3383 erant
1239 3318 1274 3382 P.

144 3400 315 3466 Cornelius
339 3400 447 3484 Scipio
472 3410 504 3463 et
526 3401 574 3463 Ti.
599 3399 809 3484 Sempronius
826 3401 971 3486 Longus.
996 3403 1051 3488 qui
1066 3424 1143 3468 oum
1158 3403 1274 3489 legatis

142 3489 176 3551 in
199 3497 346 3551 senatum
369 3486 564 3550 introductis
588 3487 629 3551 de
661 3509 697 3550 re
729 3487 861 3571 publica
894 3487 1103 3572 rettulissent,
1139 3489 1276 3574 placuis-

144 3583 260 3659 setque
283 3573 367 3635 mitti
390 3571 514 3656 legatos
546 3573 578 3636 in
608 3572 798 3658 Hispaniam
826 3575 867 3637 ad
900 3597 952 3638 res
985 3576 1149 3640 sociorum
1181 3577 1276 3663 inspi-

144 3660 285 3738 ciendas,
324 3659 442 3744 quibus
480 3659 506 3722 si
544 3659 710 3723 videretur
749 3660 846 3744 digna
883 3682 991 3742 causa,
1030 3670 1062 3725 et
1098 3661 1275 3729 Hannibali

109 3746 380 3826 4denuntiarent
414 3753 450 3807 ut
473 3745 513 3807 ab
537 3743 732 3829 Saguntinis,
769 3747 862 3810 sociis
897 3746 1012 3832 populi
1038 3747 1188 3833 Romani,
1220 3748 1274 3815 ab·

140 3832 285 3914 atineret,
312 3840 344 3895 et
368 3830 597 3916 Carthaginem
623 3832 653 3895 in
677 3831 823 3895 Africam
850 3835 1026 3899 traicerent
1047 3855 1088 3901 ao
1110 3837 1273 3903 sociorum
