2738 4146
97 109 139 168 36
314 141 316 144 <
348 121 457 171 mmm
474 122 494 171 1.
515 121 590 172 cnr.
609 123 650 172 40.
669 123 711 171 41.
731 120 764 188 [a.
783 121 815 171 U.
835 137 857 171 e.
878 119 1032 186 ras-usp

113 311 128 361 1
250 292 323 356 XL.
346 291 715 377 Duodequadragesimo
739 290 841 354 ferme
865 312 958 373 anno,
987 312 1029 354 ex
1053 312 1116 376 quo
1140 304 1281 372 regnare

148 378 517 464 coeperatTarquinins,
540 399 605 455 non
621 376 710 460 apud
730 398 841 460 regem
858 376 966 456 modo,
988 377 1046 439 sed
1063 376 1149 459 apud
1166 387 1279 460 patres

113 482 129 532 a
149 463 347 550 plebemque
369 463 465 548 longe
489 463 631 525 maximo
655 463 777 525 honore
801 461 933 526 Servius
956 461 1081 525 Tullius
1106 473 1184 525 erat.
1207 472 1281 528 tum

149 550 231 614 Anci
252 549 311 613 filii
334 550 408 632 duo,
433 550 494 614 etsi
517 558 612 610 antea
635 569 764 632 semper
803 569 838 610 1¹0
854 548 1077 631 indignissimo
1095 546 1279 613 habuerant

150 657 185 701 se
207 636 313 721 patrio
336 657 435 718 regno
459 635 573 698 tutoris
596 633 711 697 {raude
742 570 862 718 pulsos,
894 655 1031 714 regnare
1063 633 1186 697 Romae
1220 635 1279 697 ad-

149 743 265 786 venam
288 743 353 786 non
375 721 471 785 modo
495 721 632 800 vicinae,
664 718 722 782 sed
754 741 794 782 ne
825 718 957 783 Italicae
990 719 1121 804 quidem
1155 721 1282 802 stirpis,

125 815 218 871 rtum
240 807 404 892 inpensius
428 808 466 870 iis
499 805 672 888 indignitas
706 827 863 883 crescere,
899 806 926 869 si
957 827 998 869 ne
1032 805 1072 869 ab
1096 806 1281 891 Tarquinio

42 920 45 924 ·
112 913 129 962 a
150 892 282 979 quidem
305 893 406 960 adse
428 892 550 956 rediret
571 913 717 975 regnum,
750 890 806 954 sed
831 913 989 976 praeceps
1012 889 1088 954 inde
1112 913 1209 976 porro
1233 892 1279 955 ad

150 979 283 1043 servitia
305 978 447 1059 caderet,
471 978 561 1041 utin
585 978 699 1041 eadem
724 978 853 1041 civitate
877 988 952 1062 post
975 978 1187 1040 centesimum
1206 976 1280 1042 fere

150 1086 268 1128 annum
291 1065 380 1151 quod
401 1062 567 1145 Romulus,
602 1063 663 1127 deo
686 1072 872 1146 prognatus,
906 1063 986 1127 deus
1020 1064 1100 1147 ipse,
1135 1064 1281 1127 tenuerit

149 1172 295 1234 regnum,
320 1150 424 1214 donee
446 1153 478 1212 in
502 1150 598 1212 terris
620 1149 728 1226 fuerit,
751 1150 784 1212 id
808 1171 922 1213 servus
946 1171 1043 1212 serva
1058 1158 1154 1212 natus
1171 1150 1279 1232 possi*

113 1235 234 1318 gdeat
272 1257 344 1300 cunr
377 1257 547 1300 commune
578 1235 714 1298 Romani
747 1235 883 1298 nominis
920 1243 989 1298 tum
1026 1235 1203 1320 praecipue
1241 1235 1279 1298 id-

149 1321 264 1385 domus
287 1343 365 1385 suae
388 1321 531 1385 dedecus
554 1321 633 1401 fore,
666 1321 693 1384 si
716 1321 800 1382 Anci
832 1321 924 1402 regis
946 1319 1032 1385 virili
1056 1322 1157 1404 stirpe
1181 1318 1281 1386 salva

148 1428 214 1470 non
236 1407 335 1472 modo
359 1407 494 1472 advenis
518 1407 576 1470 sed
600 1407 701 1471 servis
725 1407 822 1469 etiam
844 1428 980 1490 regnum
996 1405 1120 1470 Romae
1135 1414 1274 1491 pateret.

113 1491 234 1562 aferro
271 1493 369 1577 igitur
406 1515 477 1556 eam
515 1514 626 1555 arcere
664 1490 891 1555 contumeliam
936 1501 1090 1565 statuunt.
1137 1492 1194 1556 sed
1241 1501 1280 1556 et

148 1578 283 1643 iniuriae
307 1576 400 1643 dolor
420 1579 454 1641 in
475 1578 687 1662 Tarquinium
708 1577 813 1662 ipsum
837 1578 939 1662 magis
964 1600 1061 1662 quam
1075 1579 1109 1641 in
1125 1577 1277 1642 Servium

150 1686 205 1728 eos
229 1663 425 1745 stimulabat,
450 1673 482 1728 et
506 1666 581 1749 quia
604 1664 735 1747 gravior
756 1662 843 1727 ultor
865 1661 984 1744 caedis,
1017 1664 1045 1727 si
1076 1674 1278 1747 superesset,

148 1771 208 1813 rex
229 1749 355 1814 futurus
379 1758 449 1814 erat
472 1772 568 1834 quam
591 1750 747 1834 privatus,
770 1757 840 1813 turn
872 1748 985 1813 Servio
1018 1750 1125 1813 occiso
1159 1770 1275 1835 quem-

113 1860 128 1907 5
148 1857 287 1920 cumque
310 1835 408 1899 alium
432 1857 587 1918 generum
612 1833 796 1918 delegisset,
829 1834 968 1899 eundem
1000 1835 1093 1918 regni
1115 1834 1287 1899 heredem

147 1921 291 1985 facturus
314 1921 496 2002 videbatur,
520 1920 562 1984 ob
586 1919 668 1984 haec
690 1920 752 2005 ipsi
775 1922 844 2004 regi
866 1920 1002 1983 insidiae
1025 1930 1191 2003 parantur.
1232 1943 1284 1984 ex·

147 2007 332 2092 pastoribus
365 2006 429 2070 duo
461 2006 652 2070 ferocissimi
685 2005 802 2069 delecti
834 2006 876 2069 ad
899 2006 1035 2088 facinus,
1057 2006 1174 2092 quibus
1199 2027 1284 2070 con-.

148 2094 231 2157 sueti
264 2101 356 2156 erant
391 2101 528 2177 uterque
565 2093 748 2172 agrestibus
786 2093 1001 2173 ferramentis,
1039 2093 1071 2155 in
1109 2090 1278 2156 vestibulo

147 2179 264 2262 regiae
288 2199 385 2264 quam
416 2190 552 2262 potuere
583 2176 871 2243 tumultuosissime
902 2180 1010 2264 specie
1041 2180 1133 2242 rixae
1165 2179 1204 2263 in
1236 2201 1275 2241 se

149 2285 260 2327 ornnes
283 2263 486 2349 apparitores
502 2264 608 2344 regios
625 2273 833 2345 convertunt3
855 2264 940 2346 inde,
958 2286 1030 2328 cum
1047 2264 1143 2328 ambo
1159 2284 1275 2347 regem

148 2348 359 2434 appellarent,
384 2347 571 2434 clamorque
595 2372 706 2414 eorum
723 2350 853 2435 penitus
868 2351 901 2413 in
917 2352 1039 2434 regiam
1056 2351 1276 2434 pervenisset,

111 2449 127 2497 6
146 2436 254 2501 vocati
276 2434 317 2499 ad
340 2458 449 2520 regem
474 2445 623 2520 pergunt.
662 2437 767 2521 primo
791 2446 928 2521 uterque
951 2436 1123 2500 vociferari
1147 2446 1179 2499 et
1202 2456 1274 2498 cer-

117 2536 118 2539 ’
146 2522 238 2585 tatim
261 2519 344 2585 alter
368 2521 462 2585 alteri
485 2521 692 2607 obstrepere3
726 2523 857 2586 coerciti
880 2523 920 2587 ab
945 2520 1058 2586 lictore
1082 2531 1115 2585 et
1137 2521 1215 2584 iussi
1239 2520 1276 2584 in

146 2607 250 2672 vicem
274 2607 385 2671 dicere
407 2608 539 2671 tandem
562 2608 694 2693 obloqui
717 2607 892 2690 desistunt3
924 2629 1007 2671 unus
1029 2629 1098 2671 rem
1122 2629 1164 2671 ex
1187 2628 1276 2669 com-

112 2693 252 2778 7posito
277 2693 409 2756 orditur.
435 2693 510 2755 dum
534 2695 675 2756 intentus
697 2693 730 2756 in
753 2716 827 2758 eum
850 2715 885 2757 sc
907 2715 968 2756 rex
990 2702 1076 2756 totus
1100 2702 1276 2773 averteret,

146 2777 229 2843 alter
252 2777 368 2842 elatam
392 2779 529 2843 securim
551 2779 584 2841 in
609 2790 706 2863 caput
729 2778 856 2861 deiecit,
880 2778 1058 2865 relictoque
1081 2778 1113 2841 in
1136 2776 1277 2842 vulnere.

84 2862 115 2959 ἄ
146 2862 211 2928 telo
236 2862 331 2928 ambo
356 2886 391 2927 se
413 2864 499 2927 foras
524 2865 654 2928 eiciunt.

111 2963 124 3011 1
248 2949 340 3013 XLI.
374 2950 585 3035 Tarquinium
607 2947 837 3013 moribundum
861 2971 944 3029 curn,
980 2949 1036 3035 qui
1059 2950 1147 3011 circa
1171 2957 1278 3029 erant,

146 3037 361 3120 excepissent,
393 3034 465 3099 illos
487 3035 647 3118 fugientes
678 3034 808 3098 lictores
832 3034 1110 3120 conprehendunt.
1149 3032 1290 3097 clamor.

144 3120 220 3184 inde
244 3143 484 3206 concursusque
508 3120 629 3206 populi,
652 3120 846 3202 mirantium,
872 3121 950 3207 quid
974 3121 1022 3183 rei
1046 3129 1141 3184 esset.
1167 3120 1290 3189 Tana·¹

146 3204 212 3304 quil
243 3207 325 3270 inter
356 3206 529 3270 tumultum
567 3205 674 3270 claudi
710 3207 832 3290 regiam
875 3206 975 3287 iubet,
1013 3206 1153 3269 arbitros
1188 3205 1278 3269 eicit..

144 3289 239 3354 srmul
262 3313 345 3377 quae
369 3292 512 3355 curando
536 3291 662 3356 vulneri
687 3313 768 3376 opus
792 3301 876 3373 sunt,
905 3302 1070 3376 tamquam
1095 3313 1171 3375 spes
1197 3288 1277 3353 sub·

8 3366 21 3439 l·
145 3387 239 3457 esset,
255 3375 368 3441 sedulo
385 3388 562 3462 comparat,
586 3376 691 3459 simul,
708 3377 734 3440 si
752 3377 906 3441 destituat
922 3400 1009 3463 spes,
1026 3376 1090 3440 alia
1105 3375 1278 3463 praesidia

107 3461 283 3526 amolitur.
307 3461 421 3528 Servio
445 3485 586 3549 propere
610 3464 710 3527 accito
728 3485 801 3526 cum
817 3485 922 3549 paene
944 3485 1143 3547 exsanguem
1166 3461 1276 3525 virum

143 3548 359 3632 ostendisset.
372 3548 522 3612 dextram
538 3559 655 3613 tenens
672 3558 753 3630 orat,
776 3570 817 3611 ne
840 3547 974 3612 inultam
991 3558 1130 3613 mortem
1154 3548 1276 3626 soceri,

106 3651 183 3699 ane
207 3656 335 3698 socrum
358 3635 493 3698 inimicis
524 3633 665 3698 ludibrio
695 3656 766 3698 esse
790 3635 882 3699 sinat.
920 3643 1029 3719 ,tuum
1055 3635 1123 3699 est“
1157 3633 1276 3718 inquit,

145 3719 268 3805 „Servi,
292 3721 319 3784 si
342 3721 392 3785 vir
415 3743 459 3801 es,
484 3743 630 3806 regnum,
653 3743 718 3785 non
742 3742 864 3801 eorum,
900 3721 954 3807 qui
977 3720 1089 3784 alienis
1124 3717 1280 3782 manibus

142 3806 320 3891 pessimum
353 3806 478 3870 facinus
501 3806 619 3873 fecere.
652 3808 741 3891 erige
764 3815 796 3871 te
830 3806 974 3892 deosque
998 3806 1097 3871 duces
1123 3825 1278 3891 sequere,
