2738 4146
375 130 482 181 LIBER
498 131 547 181 ΠΙ.
567 130 641 180 CAP.
659 132 701 181 53.
720 132 761 180 54.
781 128 815 197 [a.
833 130 866 181 U.
885 147 907 181 c.
926 129 995 199 acal.
1203 118 1265 175 227

87 309 250 386 ageretur,
273 299 504 386 quaerentibus
527 299 651 384 legatis,
674 322 757 386 quae
780 299 944 386 postulata
966 298 1072 448 plebis
1096 310 1216 384 essent,

88 387 271 470 composito
292 388 358 449 iam
380 394 455 450 ante
478 386 654 450 adventum
676 385 858 469 legatorum
881 388 969 449 consi
984 387 1014 450 io
1038 409 1077 450 ea
1103 398 1216 472 postu-

87 471 176 553 lavit,
200 481 238 535 ut
259 481 434 557 appareret
455 473 487 535 in
509 473 672 557 aequitate
701 494 811 535 rerum
841 471 916 556 plus
940 493 1036 557 quam
1060 473 1092 535 in
1116 474 1214 537 armis

88 558 203 642 reponi
226 557 307 641 spei.
329 565 525 642 potestatem
548 559 634 621 enim
656 556 861 620 tribuniciam
880 559 1146 642 provocationem
1174 564 1250 622 ue⁴

88 641 293 728 repetebant,
331 664 415 728 quae
443 652 518 706 ante
552 642 753 706 decemviros
792 652 918 707 creatos
955 643 1077 707 auxilia
1132 580 1215 708 lbbis

90 730 227 811 fuerant,
259 736 293 791 et
312 749 355 792 ne
377 727 430 791 cni
451 727 558 791 fraudi
580 736 666 792 asset
697 729 841 792 concisse
864 727 983 792 milites
1006 738 1062 792 aut
1084 666 1214 814 plebem

90 815 130 877 ad
151 813 366 899 repetendam
381 835 441 896 per
455 815 672 878 secessionem
687 811 881 877 libertatem.
899 813 940 876 da
957 814 1215 879 decemvirorum
1235 823 1251 870 ὁ

92 899 187 964 modo
219 898 380 985 supplicio
412 910 507 962 atrox
536 899 736 984 postulatum
774 898 847 962 fuit:
886 898 963 961 dedi
1000 900 1121 1047 quippp
1158 921 1215 963 eos

91 1006 233 1071 aequum
256 983 434 1048 censebant
455 987 613 1069 vivosque
635 985 701 1068 igni
723 992 985 1048 concrematuros
1001 985 1087 1047 mina
1111 993 1215 1047 antur.

91 1069 187 1154 legati
211 1068 253 1133 ad
278 1090 330 1133 ea:
356 1091 459 1217 „quae
482 1068 607 1133 consilii
629 1068 769 1150 filerunt,
793 1069 874 1132 adeo
897 1090 1001 1154 aequa
1018 1069 1216 1155 postulastis,
1235 1080 1252 1128 6

93 1168 126 1218 ut
146 1154 235 1219 ultro
257 1154 352 1219 vobis
399 1154 553 1218 eferanda
573 1152 707 1236 fuerint3
730 1153 874 1218 libertati
898 1157 983 1219 enim
1000 1177 1039 1218 ea
1053 1155 1217 1241 praesidia

93 1242 211 1324 petitis,
242 1261 308 1304 non
341 1238 490 1304 licentiae
521 1240 562 1303 ad
597 1240 822 1324 inpugnandos
854 1239 944 1307 alios.
987 1241 1055 1303 irae
1086 1250 1249 1306 vestrae⁷

93 1327 194 1411 magis
231 1325 466 1410 ignoscendum
503 1347 601 1410 quam
637 1325 870 1409 indulgendum
910 1334 968 1406 est,
1007 1327 1129 1412 quippe
1161 1327 1217 1410 qui

94 1410 294 1476 crudelitatis
317 1410 391 1475 odio
412 1410 446 1474 in
469 1410 693 1475 crudelitatem
714 1412 807 1475 ruitis
830 1418 863 1475 et
882 1412 972 1497 prius
987 1433 1101 1497 paene,
1118 1433 1217 1496 quam

93 1498 153 1583 ipsi
174 1496 272 1561 liberi
294 1498 374 1579 sitis,
397 1495 556 1560 dominari
586 1497 651 1559 iam
676 1497 709 1559 in
743 1496 947 1560 adversarios
978 1495 1085 1560 vultis.
1123 1508 1251 1560 num-8

94 1604 232 1668 quamne
264 1582 411 1666 quiescet
443 1583 556 1646 civitas
586 1591 698 1645 nostra
724 1603 744 1645 a
766 1581 932 1668 suppliciis
954 1591 1010 1645 aut
1032 1591 1161 1666 patrum
1184 1583 1216 1644 in

94 1668 224 1753 plebem
245 1667 425 1731 Romanam
448 1678 503 1731 aut
525 1665 630 1754 plebis
653 1669 685 1729 in
710 1667 842 1752 patres?
879 1678 969 1732 scuto
996 1668 1090 1731 vobis
1112 1668 1250 1752 magiae

93 1775 188 1838 quam
211 1750 321 1837 gladio
345 1773 428 1838 opus
451 1762 511 1817 est.
544 1755 621 1816 satis
644 1774 807 1838 superque
830 1751 959 1817 humilis
982 1762 1040 1834 est,
1068 1754 1123 1838 qui
1145 1754 1216 1816 inre

94 1860 196 1925 aequo
219 1839 253 1901 in
276 1837 406 1902 civitate
429 1839 509 1902 vivit
530 1860 591 1903 nec
612 1838 778 1902 inferendo
800 1839 949 1901 iniuriam
970 1860 1031 1902 nec
1052 1838 1215 1922 patiendo.

94 1926 191 1988 etiam
212 1924 240 1987 si
262 1923 393 2008 quando
415 1924 608 1988 metuendos
630 1945 689 1987 vos
711 1923 889 2009 praebituri
912 1924 998 2000 estis,
1031 1946 1102 1987 cum
1133 1924 1268 1990 reci-10

94 2011 214 2095 peratis
244 2009 488 2093 magistratibus
521 2008 714 2095 legibusque
745 2010 862 2074 vestris
892 2010 1012 2073 indicia
1034 2031 1134 2094 penes
1155 2031 1216 2074 vos

93 2104 188 2159 erunt
210 2093 252 2158 de
275 2095 381 2177 capite
403 2103 514 2158 nostro
536 2095 748 2180 fortunisque,
780 2105 856 2159 tunc
882 2104 918 2159 ut
945 2118 1096 2182 quaeque
1117 2117 1217 2160 causa

94 2182 154 2244 erit
177 2180 342 2259 statuetis;
365 2201 451 2243 nunc
471 2179 656 2245 libertatem
676 2181 780 2265 repeti
805 2181 881 2243 satis
905 2184 983 2244 est.“

193 2264 282 2329 LIV.
305 2265 468 2330 Fecerant
498 2276 535 2329 ut
563 2265 687 2331 vellent
708 2264 970 2351 permittentibus
993 2267 1115 2330 cunctis
1138 2281 1246 2330 moxr

93 2351 254 2416 redituros
276 2371 312 2413 se
334 2349 432 2434 legati
454 2352 552 2415 rebus
584 2351 734 2436 perfectis
761 2351 941 2415 adfirmant,
979 2351 1118 2435 profecti
1141 2367 1250 2414 cumr

92 2435 244 2501 mandata
259 2434 366 2521 plebis
380 2435 528 2520 patribus
545 2438 782 2520 exposuissent,
799 2435 852 2500 alii
869 2437 1054 2513 decemviri,
1070 2436 1215 2521 quando·

90 2521 225 2606 quidem
256 2530 388 2606 praeter
418 2543 510 2606 spem
542 2523 685 2605 ipsorum
719 2521 868 2606 supplicii
899 2522 948 2584 sui
979 2520 1068 2583 nulla
1094 2521 1214 2585 mentio

91 2608 195 2689 fieret,
218 2606 306 2670 haud
340 2608 514 2692 quicquam
542 2607 698 2689 abnuere3
736 2607 872 2691 Appius,
906 2607 990 2670 truci
1021 2607 1150 2690 ingenio
1183 2615 1250 2672 eta

90 2692 215 2757 invidia
236 2692 422 2778 praecipua,
457 2692 567 2756 odium
589 2694 622 2755 in
645 2715 680 2756 se
702 2691 839 2757 aliorum
863 2713 921 2756 suo
943 2693 977 2754 in
999 2713 1056 2756 eos
1077 2692 1215 2756 metiens

89 2779 166 2843 odio
192 2775 300 2859 ,haud
322 2774 455 2861 ignaro“
478 2778 581 2862 inquit
605 2779 769 2858 ,imminet
799 2778 938 2842 fortuna.
974 2778 1081 2861 video,
1113 2778 1252 2843 doneca

88 2884 183 2929 arma
206 2861 402 2926 adversariis
425 2863 603 2940 tradantur,
627 2863 750 2927 differri
772 2863 929 2928 adversus
951 2885 1011 2928 nos
1042 2873 1215 2928 certamen.

88 2948 217 3012 dandus
240 2947 382 3013 invidiae
405 2957 455 3013 est
477 2951 618 3032 sangnis.
656 2948 736 3012 nihil
765 2971 807 3012 ne
839 2971 899 3032 ego
935 2950 1066 3034 quidem
1095 2971 1215 3031 moror,

87 3034 261 3121 quominus
284 3033 507 3098 decemviratu
529 3034 676 3099 abeam.“
714 3035 834 3098 factum
866 3045 995 3098 senatus
1024 3034 1213 3117 consultum,
1234 3053 1251 3098 a

89 3130 125 3183 ut
147 3119 325 3183 decemviri
358 3140 394 3182 se
425 3121 530 3203 primo
565 3141 693 3204 quoque
725 3130 872 3205 tempore
903 3120 1092 3203 magistratu
1125 3120 1214 3182 abdi·

87 3213 211 3286 carent,
236 3202 276 3283 Ω.
292 3204 412 3268 Furius
435 3204 583 3288 pontifex
605 3206 765 3269 maximus
788 3206 934 3269 tribunos
954 3203 1059 3291 plebis
1076 3214 1213 3287 crearet,

88 3299 122 3356 et
142 3311 186 3356 ne
209 3290 263 3352 cui
285 3288 392 3353 fraudi
415 3299 502 3353 esset
524 3290 663 3355 secessio
686 3289 823 3354 militum
845 3289 1027 3376 plebisque.

192 3374 255 3439 His
278 3384 409 3438 senatus
433 3375 587 3439 consultis
609 3375 761 3461 perfectis
785 3376 916 3439 dimisso
941 3386 1053 3440 senatu
1085 3375 1248 3442 decem-6

91 3462 150 3526 viri
173 3460 340 3545 prodeunt
362 3462 396 3522 in
419 3462 603 3524 contionem
630 3460 846 3546 abdicantque
880 3483 914 3524 se
945 3462 1137 3544 magistratu
1167 3461 1214 3523 in-

89 3548 178 3630 genti
199 3545 369 3609 hominum
391 3543 523 3609 laetitia.
546 3548 736 3609 nuntiantur
757 3546 839 3609 baec
861 3543 958 3630 plebi.
981 3544 1106 3627 legatos
1124 3546 1212 3631 quid·
1234 3567 1249 3615 ⁷

93 3632 165 3717 quid
189 3634 223 3695 in
246 3628 328 3694 urbe
350 3630 517 3694 hominum
549 3641 717 3715 supererat
747 3633 966 3718 prosequitur.
1005 3630 1080 3694 huic
1108 3630 1214 3695 multi·

91 3719 190 3782 tudini
213 3714 301 3781 laeta
322 3714 386 3779 alia
415 3716 511 3780 turba
542 3739 583 3780 ex
615 3719 727 3780 castris
762 3717 910 3781 occurrit.
949 3714 1214 3797 congratulantur

93 3801 273 3869 libertatem
311 3801 583 3887 concordiamque
620 3804 743 3868 civitati
779 3803 972 3869 restitutam.
1017 3801 1119 3886 legati
1152 3820 1253 3884 uros

1134 3900 1186 3950 ur
