2738 4146
116 119 175 174 126
374 132 482 180 nisan
502 133 571 181 xxr.
591 131 666 180 car.
686 134 727 180 as.
747 134 788 181 aa.
809 131 842 199 [a.
861 131 894 182 u.
913 146 938 181 ο.
957 129 1030 200 sssJ.

128 304 342 370 tMasonem.
378 302 410 367 id
440 326 569 388 quoque
597 303 732 367 dubium
759 312 816 382 est,
840 301 937 385 legati
960 301 1001 366 ad
1025 302 1295 388 expostulandum

163 393 252 454 missi
274 389 315 452 ad
340 389 436 454 Boios
459 389 567 453 violati
590 391 660 470 sint,
685 411 725 452 an
747 391 779 452 in
802 391 986 453 triumviros
1009 411 1122 472 agrum
1138 399 1296 454 metantes

128 479 300 561 einrpetus
329 477 370 539 sit
395 473 509 539 factus.
548 475 691 539 Mutinae
720 497 794 539 cum
822 474 1057 555 obsiderentur,
1085 484 1118 538 et
1144 496 1224 557 gens
1253 475 1293 539 ad

164 561 454 647 oppugnandarum
480 560 610 625 urbium
637 569 722 624 artes
749 561 839 624 rudis
887 562 1062 646 pigerrima
1100 564 1217 624 eadem
1254 561 1295 626 ad

126 649 312 714 amilitaria
344 668 452 733 opera,
496 649 603 727 segnis
639 649 766 710 intactis
803 647 968 709 adsideret
1005 648 1114 727 muris,
1153 645 1297 712 simulari

163 743 313 820 coeptum
342 732 382 796 de
409 751 491 818 pace
518 735 579 814 agi,
608 735 798 817 evocatique
826 732 867 795 ab
898 730 1067 796 Gallorum
1094 733 1295 820 principibus

161 818 258 903 legati
290 818 331 882 ad
364 817 570 903 conloquium
600 841 666 882 non
697 827 809 882 contra
838 820 888 882 ius
916 818 1013 882 inodo
1041 820 1197 901 gentium,
1238 820 1296 884 sed

162 905 281 970 violata
304 907 516 989 etiam,quae
540 904 615 967 data
636 906 668 968 in
690 903 723 967 id
746 914 874 989 tempus
899 914 976 983 erat,
1004 901 1070 966 fide
1093 905 1295 991 conprehen-

163 991 291 1069 dantur,
314 992 507 1072 negantibus
532 989 644 1073 Gallis,
666 991 726 1053 nisi
750 989 880 1054 obsides
903 989 963 1053 sibi
986 989 1211 1073 redderentur,
1240 1013 1295 1057 eos

125 1097 141 1145 8
163 1077 361 1141 dimissuros¹
392 1099 465 1140 cum
493 1075 574 1140 haec
598 1076 638 1137 dc
661 1073 776 1158 legatis
798 1078 944 1139 nuntiata
972 1084 1087 1154 essent,
1117 1085 1150 1140 et
1172 1076 1296 1141 Mutina

161 1163 425 1248 praesidiumque
462 1163 493 1223 in
531 1160 676 1248 periculo
715 1170 808 1240 esset,
846 1161 885 1224 L.
915 1161 1054 1225 Manlius
1085 1171 1218 1247 praetor
1248 1165 1296 1227 ira

127 1269 318 1318 eaccensus
342 1248 479 1312 effusum
502 1270 619 1330 agmen
642 1246 682 1311 ad
706 1246 862 1311 Mutinam
880 1247 975 1311 ducit.
1000 1247 1101 1311 silvae
1117 1258 1195 1312 tunc
1210 1251 1307 1314 circa'

161 1338 248 1399 viam
276 1343 368 1398 erant
392 1332 557 1420 plerisque
584 1331 721 1398 incultis.
759 1331 804 1397 ibi
834 1332 1036 1419 inexplorato
1067 1334 1234 1421 profectus
1261 1337 1293 1399 in

162 1421 293 1485 insidias
314 1421 545 1506 praecipitatur
567 1418 732 1505 multaque
760 1441 833 1483 cum
861 1418 962 1483 caede
984 1441 1118 1483 suorum
1141 1443 1241 1504 aegre
1263 1424 1296 1485 in

112 1524 144 1573 10
162 1515 291 1592 apertos
314 1528 446 1592 campos
469 1508 607 1569 emersit.
631 1504 677 1569 ibi
699 1514 804 1569 castra
820 1507 1025 1586 communita,
1042 1514 1083 1587 et,
1100 1507 1178 1592 quia
1193 1505 1295 1572 Gallis

162 1593 201 1655 ad
235 1593 424 1679 temptanda
455 1613 494 1655 ea
525 1591 626 1655 defuit
652 1613 736 1677 spes,
768 1592 880 1655 relecti
914 1600 989 1655 sunt
1018 1589 1155 1656 militum
1188 1595 1295 1676 animi,

29 1741 32 1744 .
111 1697 142 1745 11
163 1700 358 1764 quamquam
379 1677 419 1741 ad
436 1679 627 1763 quingentos
643 1677 799 1741 cecidisse
816 1679 892 1741 satis
908 1676 1084 1741 constabat
1100 1680 1162 1742 iter
1178 1678 1296 1744 deinde

163 1768 203 1826 de
225 1767 352 1847 integro
375 1774 536 1851 coeptum,
563 1785 634 1844 neo,
659 1761 737 1827 dum
757 1785 817 1850 per
851 1765 994 1850 patentia
1020 1761 1093 1828 loca
1115 1763 1296 1831 ducebatur

111 1871 143 1918 12
162 1872 288 1933 agmen,
310 1872 448 1936 usquam
471 1852 620 1935 apparuit
641 1848 760 1929 hostis;
797 1847 854 1913 ubi
881 1871 991 1914 rursus
1020 1849 1121 1914 silvae
1147 1853 1295 1936 intratae,

161 1946 229 2000 tum
259 1944 441 2022 postremos
476 1935 581 2000 adorti
612 1958 685 1999 cum
718 1957 837 2017 magna
861 1934 1076 2021 trepidatione
1108 1958 1147 2001 ac
1172 1960 1296 2023 pavore

162 2024 304 2086 omnium
327 2023 546 2107 septingentos
568 2019 683 2086 milites
707 2022 905 2102 occiderunt,
929 2044 989 2086 sex
1012 2024 1104 2103 signa
1129 2022 1295 2088 ademere.

111 2131 144 2178 13
161 2107 232 2171 finis
257 2116 289 2170 et
311 2105 414 2171 Gallis
436 2107 604 2171 territandi
620 2116 652 2171 et
672 2106 815 2194 pavendi
836 2105 896 2170 fuit
916 2107 1080 2186 Romanis,
1104 2117 1141 2172 ut
1162 2130 1181 2173 e
1211 2110 1295 2176 saltu

161 2195 248 2258 invio
272 2202 368 2277 atque
390 2193 544 2279 impedito
561 2215 705 2259 evasere.
723 2192 798 2257 inde
814 2194 933 2279 apertis
949 2191 1028 2259 locis
1043 2193 1137 2258 facile
1153 2203 1295 2262 tutantes

162 2301 278 2363 agmen
304 2278 441 2344 Romani
467 2279 658 2360 Tannetum,
692 2281 802 2344 vicum
831 2281 1048 2366 propinquum
1080 2279 1182 2363 Pado,
1220 2304 1295 2351 con·
1359 2344 1365 2359 ,

111 2390 144 2437 14
160 2365 304 2430 tendere.
342 2365 388 2429 ibi
424 2387 458 2429 se
496 2368 694 2430 munimento
740 2365 781 2429 ad
824 2374 952 2452 tempus
995 2367 1296 2456 commeatibusque

160 2451 300 2516 fluminis
328 2461 359 2515 et
384 2451 610 2516 Brixianorum
644 2452 738 2516 etiam
772 2449 941 2516 Gallorum
977 2450 1098 2517 auxilio
1136 2454 1296 2522 adversus

161 2547 360 2603 crescentem
381 2540 415 2601 in
439 2537 507 2602 dies
530 2536 768 2602 multitudinem
790 2537 928 2601 hostium
952 2536 1150 2603 artabantur.
1316 2597 1320 2607 .

125 2646 137 2691 1
263 2623 388 2687 XXVI.
414 2621 478 2701 Qui
500 2622 656 2688 tumultus
671 2644 788 2709 repens
804 2632 975 2710 postquam
998 2633 1048 2689 est
1067 2624 1207 2690 Romam
1222 2648 1295 2713 par·

161 2709 254 2792 latus,
293 2718 325 2773 et
355 2709 514 2774 Punicum
545 2712 677 2796 insuper
710 2707 836 2773 Gallico
868 2708 989 2773 bellum
1022 2720 1152 2776 auctum
1185 2722 1296 2799 patres

124 2804 365 2881 accceperuut,
391 2794 426 2859 C.
451 2794 584 2859 Atilium
605 2804 790 2881 praetorem
814 2818 888 2859 cum
911 2818 977 2860 uua
998 2794 1126 2878 legione
1147 2796 1297 2864 Romana

162 2890 194 2945 et
222 2881 363 2967 quinque
390 2880 519 2945 milibus
549 2885 710 2946 sociorum
738 2879 858 2946 dilectu
887 2904 971 2946 novo
999 2904 1020 2945 a
1048 2883 1182 2948 consule
1221 2908 1295 2951 con·

161 2969 288 3054 scriptis
311 2965 465 3031 auxilium
488 2965 574 3031 ferre
597 2966 716 3030 Manlio
739 2966 860 3049 iubent,
904 2969 937 3032 ui
952 2969 1021 3032 sine
1035 2967 1101 3034 ullo
1118 2974 1297 3037 certamine

163 3089 199 3100 -
225 3053 452 3118 abscesserant
475 3055 557 3118 enim
582 3062 670 3117 rnatu
695 3053 802 3118 hostes
824 3089 867 3098 —
920 3064 1071 3120 annetum
1092 3059 1253 3142 pervenit.

122 3164 139 3211 a
262 3139 307 3203 Et
329 3138 365 3202 P.
382 3137 550 3204 Cornelius
571 3139 604 3202 in
619 3138 727 3204 locum
744 3142 822 3221 eius,
842 3161 924 3225 quae
940 3142 1039 3206 missa
1053 3164 1127 3206 cum
1143 3153 1298 3230 praetore

161 3235 239 3307 erat,
263 3226 383 3312 scripta
405 3223 531 3309 legione
553 3247 639 3289 nova
660 3225 825 3310 profectus
848 3224 889 3289 ab
906 3226 987 3290 urbe
1003 3230 1176 3311 sexaginta
1190 3229 1297 3316 longia

159 3311 296 3376 navibus
318 3322 448 3398 praeter
470 3334 560 3376 oram
583 3311 732 3376 Etruriae
750 3312 971 3398 Ligurumque
987 3323 1020 3377 et
1033 3313 1109 3377 inde
1125 3313 1297 3382 Saluvium

161 3406 285 3462 montes
333 3400 458 3461 ervenit
479 3396 656 3461 Massiliam
681 3407 713 3461 et
734 3398 774 3461 ad
799 3399 983 3484 proximum
1008 3401 1125 3465 ostium
1140 3401 1297 3469 Rhodani

123 3511 202 3557 4·-
223 3421 371 3570 plu1·ibus
395 3485 477 3548 enim
503 3483 626 3548 divisus
654 3486 756 3548 amnis
783 3486 815 3547 in
842 3506 931 3548 mare
961 3486 1104 3551 decurrit
1124 3523 1167 3533 —
1190 3499 1299 3556 casua

160 3567 254 3649 locat,
278 3569 414 3634 vixdum
437 3571 512 3633 satis
536 3570 673 3633 credens
691 3568 903 3634 Hannibalem
919 3593 1091 3657 superasse
1106 3564 1298 3660 Pyrenaeos

125 3685 140 3732 5
161 3666 296 3720 montes.
320 3676 417 3740 quem
439 3665 474 3720 nt
498 3655 537 3718 de
553 3654 701 3720 Rhodani
717 3678 846 3742 quoque
862 3660 997 3723 transitu
1012 3660 1135 3742 agitare
1150 3664 1297 3743 animad-

160 3744 265 3821 vertit,
298 3744 449 3818 incertus,
488 3763 627 3827 quonam
660 3744 690 3806 ei
716 3741 789 3807 loco
817 3754 1012 3826 occurreret,
1046 3747 1191 3814 necdum
1218 3752 1298 3817 satis

152 3825 287 3890 resectis
314 3826 357 3889 ab
385 3828 558 3892 iactatione
589 3830 747 3892 maritima
778 3827 942 3907 militibus,
974 3839 1139 3901 trecentos
1167 3837 1296 3903 interim
