2738 4146
370 115 479 165 urana
496 115 544 166 ιιι
564 116 640 168 cnr.
657 118 701 168 ss.
719 119 761 168 ss.
782 114 815 184 [a
834 116 867 168 n.
886 133 908 167 ι.
927 116 997 177 soor.
1213 104 1275 162 ala

91 289 209 353 derant
231 285 491 351 decemvirorum
514 286 685 373 permissu,
709 295 882 373 postquam
906 285 1029 350 nullum
1053 285 1225 373 spoliatum

92 374 136 438 ibi
160 395 281 460 corpus
304 371 510 457 Sicciumque
532 373 566 435 in
588 371 696 436 medio
718 372 878 436 iacentem
902 382 1060 436 armatum
1077 372 1225 438 omnibus

92 461 124 524 in
157 481 234 525 eum
265 459 370 522 versis
402 457 595 541 corporibus
627 457 749 538 videre,
787 458 929 522 hostium
966 479 1074 543 neque
1105 480 1225 544 corpus

92 545 195 610 ullum
217 565 279 608 nec
301 543 440 626 vestigia
461 543 660 622 abeuntium,
693 542 840 629 profecto
864 543 905 608 ab
930 545 997 608 suis
1019 545 1223 610 interfectum

91 638 313 695 memorantes
335 628 492 694 rettulere
514 650 644 715 corpus.
667 629 874 715 invidiaeque
889 628 988 714 plena
1004 640 1110 694 castra
1125 642 1224 711 erant,
1244 644 1259 691 t

92 727 125 782 et
156 716 295 779 Romam
324 713 402 779 ferri
432 715 580 800 protinus
612 715 754 781 Siccium
787 714 947 800 placebat,
979 717 1013 779 ni
1047 714 1226 781 decemviri

90 803 188 866 funus
212 799 351 864 militare
367 801 397 865 ei
410 799 545 886 publica
559 803 697 888 inpensa
710 800 819 866 facere
835 811 1061 866 maturassent.
1077 801 1224 888 sepultus

91 887 217 1038 qngenti
240 885 380 950 militum
401 887 573 968 maestitia,
597 887 740 973 pessima
763 887 1021 952 decemvirorum
1041 887 1077 950 in
1106 887 1225 973 vulgus

108 995 184 1038 ama
207 980 266 1034 est.

196 1055 318 1122 XLIV.
334 1055 488 1144 Sequitur
502 1054 590 1120 aliud
614 1057 647 1119 in
669 1055 751 1119 urbe
772 1056 864 1121 nefas
886 1055 928 1120 ab
952 1056 1085 1122 libidine
1108 1069 1258 1141 ortum,1

90 1143 183 1209 baud
206 1143 312 1207 minus
332 1141 431 1208 foedo
454 1151 582 1216 eventu,
607 1164 704 1228 quam
727 1143 816 1227 quod
836 1165 896 1226 per
909 1142 1034 1209 facinus
1056 1146 1090 1209 in
1105 1145 1224 1209 Lucre·

90 1230 171 1295 tiam
189 1231 396 1294 commissum
412 1227 493 1292 urbe
507 1249 674 1313 regnoque
690 1227 885 1313 Tarquinios
907 1229 1087 1316 expulerat,
1109 1241 1224 1296 utnon

89 1315 166 1380 finis
190 1313 295 1379 solum
318 1314 407 1377 idem
430 1314 633 1396 decemviris,
667 1314 722 1398 qui
745 1312 888 1395 regibus,
920 1315 979 1379 sed
1007 1338 1105 1380 causa
1128 1318 1224 1382 etiam

92 1401 213 1466 eadem
254 1400 384 1485 imperii
427 1398 595 1464 amittendi
638 1410 734 1463 esset.
778 1399 842 1484 Ap.
881 1398 1055 1464 Claudium
1090 1403 1261 1488 virginior

54 1522 56 1526 v
90 1486 245 1574 plebeiae
267 1486 368 1550 libido
393 1486 491 1571 cepit.
514 1494 609 1571 pater
630 1484 772 1567 virginis,
795 1484 834 1547 L.
851 1485 1035 1570 Verginius,
1052 1487 1224 1553 honestum

91 1571 243 1638 ordinem
264 1572 297 1634 in
312 1570 432 1654 Algido
456 1569 606 1651 ducebat,
629 1571 680 1634 vir
696 1571 837 1671 exempli
863 1573 944 1635 recti
968 1573 1054 1636 domi
1077 1573 1223 1640 militiae-

115 1680 169 1722 ue.
208 1657 348 1744 perinde
371 1678 455 1720 uxor
476 1657 623 1720 instituta
643 1655 751 1720 fuerat
780 1656 940 1742 bberique
961 1658 1223 1725 instituebantur.

92 1681 318 1828 desponderat
347 1741 447 1806 filiam
477 1742 516 1805 L.
551 1740 644 1806 Icilio
676 1741 860 1823 tribunici0,
897 1743 968 1806 viro
1000 1745 1068 1808 acri
1100 1754 1133 1809 et
1162 1764 1259 1831 pros

91 1850 194 1894 cansa
230 1826 336 1914 plebis
374 1837 529 1912 expertae
565 1827 703 1892 virtutis.
749 1826 834 1890 banc
870 1829 1030 1911 virginem
1067 1828 1259 1913 adultam,4

90 1916 202 1980 forma
223 1912 437 1978 excellentem
460 1913 589 2001 Appius
612 1933 722 1978 amore
746 1934 857 1977 amens
880 1916 984 1997 pretio
1007 1936 1046 1978 ac
1068 1936 1126 2001 spe
1148 1939 1222 2002 per-

91 2001 196 2065 licere
219 2000 363 2081 adortus,
387 2010 559 2085 postquam
583 1999 691 2062 omnia
714 1999 839 2083 pudore
855 2009 968 2084 saepta
982 2002 1222 2082 animadvertit,

92 2087 139 2151 ad
155 2083 322 2150 crudelem
338 2084 579 2170 superbamque
594 2085 660 2148 vim
676 2086 817 2148 animum
834 2089 1002 2150 convertit.
1022 2086 1066 2150 M.
1084 2087 1221 2154 Claudio
1241 2105 1256 2152 5

94 2171 209 2237 clienti
230 2172 396 2251 negotium
419 2171 518 2251 dedit,
541 2180 579 2234 ut
599 2171 759 2254 virginem
781 2171 814 2232 in
838 2173 1027 2236 servitutem
1055 2173 1223 2239 adsereret

90 2278 203 2344 neque
226 2255 359 2321 cederet
381 2254 558 2320 secundum
582 2255 763 2320 libertatem
790 2257 1031 2341 postulantibus
1053 2260 1221 2342 vindicias,

93 2340 185 2430 quod
221 2352 317 2427 pater
352 2341 481 2426 puellae
519 2342 658 2421 abesset,
695 2341 803 2406 locum
840 2343 977 2406 iniuriae
1014 2365 1086 2406 esse
1122 2357 1221 2410 ratus.

92 2427 213 2513 virgini
235 2428 379 2492 venienti
400 2429 433 2490 in
454 2426 561 2492 forum
583 2463 627 2475 ·-
648 2427 693 2491 ibi
723 2448 865 2512 namque
897 2429 930 2490 in
962 2428 1106 2491 tabernis
1137 2428 1258 2496 litte-o

92 2535 206 2579 rarum
235 2511 306 2577 ludi
335 2522 427 2578 erant
456 2549 499 2559 -
528 2513 675 2576 minister
706 2512 883 2577 decemviri
914 2512 1057 2577 libidinis
1090 2537 1221 2578 manum

91 2600 206 2665 iniecit
227 2620 323 2664 serva
345 2621 405 2663 sua
418 2608 527 2663 natam
543 2620 737 2684 servamque
752 2599 936 2682 appellans,
960 2600 1053 2684 sequi
1068 2599 1219 2664 iubebat:

93 2693 301 2750 cunctantem
333 2686 367 2748 vi
397 2683 646 2749 abstracturum.
694 2685 811 2769 pavida
845 2684 954 2771 puella
990 2695 1142 2769 stupente
1178 2687 1257 2753 adr

93 2770 273 2835 clamorem
295 2771 430 2834 nutricis
451 2770 550 2834 fidem
566 2769 740 2850 Quiritium
754 2768 955 2852 implorantis
979 2770 1017 2834 fit
1032 2793 1219 2838 concursus.

91 2855 243 2941 Verginii
264 2857 367 2938 patris
388 2857 565 2941 sponsique
587 2854 669 2919 Icilii
695 2853 853 2941 populare
884 2878 1003 2920 nomen
1026 2857 1219 2925 celebratur.

90 2952 190 3007 notos
212 2942 317 3025 gratia
339 2962 461 3023 eorum,
491 2941 620 3005 turbam
651 2941 825 3025 indignitas
847 2943 895 3005 rei
917 2943 1034 3026 virgini
1058 2946 1219 3008 conciliat.

90 3028 159 3091 iam
181 3049 202 3090 a
223 3027 257 3090 vi
278 3035 348 3090 tuta
370 3036 448 3107 erat,
471 3049 545 3091 cum
568 3027 715 3090 adsertor
730 3026 808 3089 nihil
830 3049 910 3113 opus
927 3051 999 3092 csse
1015 3029 1221 3093 multitudine
1240 3045 1255 3092 8

91 3113 256 3178 concitata
278 3113 336 3193 ait3
359 3134 394 3176 se
416 3113 487 3176 iure
510 3113 660 3195 grassari,
683 3134 747 3176 non
770 3115 812 3176 vi.
835 3124 931 3176 vocat
953 3113 1095 3197 puellam
1110 3117 1144 3178 in
1159 3116 1218 3180 ius,

90 3197 281 3263 auctoribus
303 3198 351 3279 iis,
375 3199 432 3285 qui
454 3197 598 3277 aderant,
622 3206 659 3261 ut
680 3207 880 3282 sequeretur,
904 3200 945 3261 ad
962 3199 1102 3262 tribunal
1118 3203 1219 3287 Appii
1242 3217 1256 3264 c

89 3292 288 3384 perventum
312 3291 371 3349 est.
404 3292 513 3347 notam
535 3283 635 3346 iudici
656 3283 800 3347 fabulam
824 3285 951 3369 petitor,
985 3286 1108 3370 quippe
1131 3289 1219 3372 apud

90 3391 200 3454 ipsum
234 3376 398 3433 auctorem
431 3369 621 3452 argumenti,
657 3371 798 3453 peragit3
835 3369 976 3454 puellam
1017 3371 1104 3434 domi
1141 3395 1219 3437 suae

88 3465 202 3519 natam
224 3455 375 3538 furtoque
396 3454 472 3518 inde
494 3455 527 3518 in
550 3455 681 3518 domum
704 3454 849 3537 Verginii
879 3455 1068 3519 translatam
1099 3481 1218 3543 suppo-

89 3541 185 3605 sitam
222 3540 252 3603 ei
286 3560 373 3621 esse3
410 3540 443 3603 id
466 3562 502 3603 se
523 3540 643 3603 indicio
668 3550 869 3625 compertum
904 3542 1032 3606 adferre
1064 3544 1273 3627 probatu-10

88 3648 232 3726 rumque
263 3623 317 3689 vel
348 3626 419 3711 ipso
453 3626 607 3709 Verginio
638 3625 755 3708 iudice,
794 3627 834 3689 ad
874 3649 970 3711 quern
1007 3629 1110 3693 maior
1166 3652 1218 3693 ars

87 3712 230 3776 iniuriae
264 3711 333 3774 eius
365 3711 542 3795 pertineat;
578 3711 706 3774 interim
742 3713 907 3776 dominum
945 3715 1038 3800 sequi
1070 3653 1218 3778 ancillam

87 3818 229 3886 aequum
255 3817 337 3859 esse.
361 3797 510 3860 advocati
532 3795 671 3879 puellae,
695 3818 769 3860 cum
789 3799 974 3881 Verginium
997 3801 1045 3864 rei
1066 3801 1219 3886 publicae
1239 3821 1269 3867 ιι
