2738 4146
86 132 127 191 66
333 145 443 194 uranu
460 145 496 195 11.
514 143 590 195 cnr.
610 147 650 194 15.
670 146 709 195 16.
729 143 763 211 [a.
781 143 815 195 u
833 160 856 194 e,
874 132 1030 212 rai-2521.

136 315 248 381 hortea
271 324 341 379 arte
364 315 521 379 adversus
546 316 610 378 vim
633 338 712 380 usae
735 314 942 379 declinavere
965 314 1133 400 paululum
1150 316 1277 384 effuse-

136 423 200 488 que
242 400 405 485 praelatos
449 400 561 465 hostes
595 402 762 465 conversis
796 402 896 484 signis
929 400 971 464 ab
1005 413 1098 484 tergo
1134 402 1281 470 adortae

96 505 112 553 8
136 498 225 551 sunt:
253 488 298 549 ita
320 488 352 549 iu
379 487 488 550 medio
516 509 620 572 prope
648 488 713 549 iam
741 488 882 549 victores
911 488 997 550 caesi
1024 487 1166 551 Etrusci.
1194 512 1279 574 pars

161 574 318 655 erexigua
340 573 424 636 duce
440 573 569 654 amisso,
595 574 672 659 quia
686 571 811 636 nullum
828 575 963 658 propius
979 574 1167 657 perfugium
1190 585 1277 660 erat,

136 596 271 722 Pomam
296 660 435 722 inermes
460 669 492 722 et
512 659 645 722 fortuna
668 669 701 723 et
723 660 834 744 specie
852 658 1036 743 supplicum
1060 658 1161 722 delati
1183 674 1275 727 sunt.

94 765 109 812 9
135 745 181 809 ibi
204 744 342 826 benigue
365 747 495 830 excepti
520 745 682 830 divisique
704 745 737 807 in
761 744 914 828 hospitia.
939 746 1059 808 curatis
1075 743 1276 814 vulneribus

136 829 190 894 alii
212 831 351 917 profecti
374 831 487 894 domos
510 832 613 894 nuntii
637 831 846 914 hospitalium
869 830 1119 912 beneficiorum3
1147 832 1276 900 multos

135 917 258 981 Romae
281 916 445 1000 hospitum
469 916 628 1002 urbisque
651 918 768 979 caritas
792 918 906 979 tenuit.
929 916 980 980 his
1003 916 1093 980 locus
1117 917 1161 980 ad
1176 918 1275 985 habi-

135 1004 270 1067 tandum
295 1003 399 1080 datus,
424 1024 520 1087 quem
546 1002 664 1066 deinde
687 1002 830 1065 Tuscum
854 1004 961 1066 vicum
986 1002 1205 1087 appellarunt.

95 1111 109 1159 1
234 1087 308 1151 XV.
334 1087 390 1173 Sp.
415 1088 551 1152 Larcius
575 1088 651 1152 inde
676 1098 708 1151 et
730 1087 767 1150 T.
792 1087 980 1151 Herminius
1004 1088 1155 1152 consules
1179 1090 1273 1155 facti.

134 1196 173 1240 eo
207 1197 290 1237 anno
323 1184 523 1260 postremum
560 1173 659 1256 legati
690 1196 709 1236 a
738 1173 898 1236 Porsinna
935 1175 975 1237 de
1015 1175 1203 1240 reducendo
1238 1179 1274 1242 in

132 1283 269 1343 reguum
291 1260 465 1344 Tarquinio
497 1269 665 1324 venerunt.
701 1259 818 1345 quibus
851 1281 924 1323 cum
954 1282 1149 1344 responsum
1167 1263 1275 1329 ‘esset

134 1349 305 1411 missurum
330 1347 371 1408 ad
393 1369 505 1429 regem
528 1357 676 1411 senatum
697 1345 833 1430 legatos,
858 1347 948 1409 missi
971 1346 1141 1410 confestim
1165 1346 1272 1413 hono·

95 1434 313 1503 cratissimus
336 1434 473 1518 quisque
497 1455 515 1496 e
536 1432 699 1517 patribus:
731 1454 797 1496 non
821 1433 897 1516 quin
921 1430 1066 1496 breviter
1092 1432 1190 1496 reddi
1217 1458 1272 1501 re·

133 1540 290 1604 sponsum
323 1520 472 1603 potuerit,
505 1540 569 1581 non
600 1519 701 1602 recipi
732 1540 839 1600 reges,
871 1518 946 1581 ideo
979 1519 1086 1600 potius
1120 1517 1273 1588 delectos

132 1615 262 1690 patrum
284 1606 326 1667 ad
354 1627 427 1668 eum
456 1605 580 1684 missos,
614 1626 710 1688 quam
737 1602 854 1686 legatis
883 1605 952 1668 eius
975 1605 1098 1667 Romae
1131 1604 1273 1673 daretur

132 1713 335 1776 responsum,
367 1690 427 1754 sed
451 1701 487 1753 ut
514 1692 764 1774 inperpetuum
787 1691 906 1752 mentio
937 1691 1005 1752 eius
1033 1690 1082 1753 rei
1107 1689 1271 1777 finiretur,

131 1798 197 1839 neu
219 1779 250 1839 in
274 1777 369 1839 tantis
393 1777 512 1839 mutuis
529 1775 694 1839 beneficiis
717 1776 749 1837 in
765 1776 871 1838 vicem
887 1777 985 1837 animi
1002 1774 1270 1862 sollicitarentur,

133 1885 206 1927 oum
221 1861 275 1937 ille
291 1872 427 1948 peteret,
451 1862 539 1946 quod
557 1872 668 1925 contra
683 1860 867 1924 libertatem
884 1861 997 1946 populi
1013 1861 1152 1924 Romani
1168 1876 1270 1948 esset,

132 1948 276 2031 Romani,
299 1949 359 2011 nisi
384 1950 414 2010 in
432 1947 607 2032 perniciem
625 1969 715 2010 suam
732 1946 842 2011 faciles
860 1970 930 2010 esse
946 1947 1077 2023 vellent,
1094 1963 1268 2031 negarent,

93 2060 108 2107 3
133 2037 183 2097 oui
207 2034 286 2098 nihil
310 2044 461 2116 negatum
476 2032 608 2097 vellent.
631 2055 696 2097 non
719 2034 752 2096 in
775 2055 875 2115 regno
899 2033 1056 2118 populum
1072 2033 1267 2114 Romanum,

132 2121 191 2183 sed
224 2122 256 2182 in
286 2118 437 2183 libertate
471 2141 552 2183 esse.
585 2120 630 2189 ita
660 2119 827 2182 induxisse
860 2120 891 2181 in
924 2120 1080 2199 animum,
1115 2120 1269 2189 hostibus

132 2207 240 2292 potius
258 2228 354 2292 quum
371 2204 502 2287 regibus
518 2216 629 2291 portas
645 2204 843 2288 patefacere,
867 2226 906 2268 ea
926 2226 999 2268 esse
1014 2215 1092 2268 vota
1108 2210 1268 2292 omnium,

92 2319 109 2366 4
132 2303 179 2367 ut,
203 2293 258 2377 qui
280 2290 422 2355 libertati
446 2292 507 2354 erit
528 2294 560 2354 in
576 2291 631 2353 illa
645 2291 727 2353 urbe
742 2289 824 2364 finis,
848 2290 936 2354 idem
957 2291 1030 2354 urbi
1047 2292 1097 2354 sit.
1114 2294 1268 2377 proinde,

132 2380 159 2441 si
182 2379 304 2441 salvam
321 2400 393 2441 esse
407 2376 508 2442 vellet
523 2377 667 2456 Romam,
691 2387 728 2440 ut
749 2378 892 2462 patiatur
906 2376 1043 2440 liberam
1060 2399 1142 2458 esse,
1158 2400 1267 2446 orare.

92 2492 107 2540 5
131 2486 192 2528 rex
213 2464 410 2528 verecundia
432 2465 537 2526 victus
564 2463 713 2547 ,quando
736 2463 768 2524 id
794 2472 919 2526 certum
941 2472 1040 2548 atque
1064 2462 1268 2532 obstinatum

133 2549 199 2613 est“
225 2552 338 2636 inquit,
364 2572 489 2635 ,neque
513 2571 573 2631 ego
590 2548 769 2613 obtundam
786 2550 915 2631 saepius
932 2549 1048 2612 eadem
1064 2551 1268 2636 nequiquam

48 2658 55 2673 ’
132 2636 268 2719 agendo,
292 2658 352 2698 nec
367 2635 560 2720 Tarquinios
584 2657 642 2719 spe
665 2633 788 2715 auxilii,
812 2635 900 2720 quod
922 2634 1049 2698 nullum
1070 2637 1104 2697 in
1126 2659 1180 2699 me
1204 2650 1265 2720 est,

132 2721 322 2785 frustrabor
347 2721 444 2784 alium
467 2721 550 2798 hinc,
568 2743 626 2784 seu
648 2718 735 2783 bello
761 2742 841 2802 opus
866 2730 916 2783 est
939 2743 997 2784 seu
1019 2722 1139 2805 quiete,
1164 2723 1265 2790 exilio

156 2818 290 2871 uaerant
312 2806 427 2875 locum,
452 2829 493 2870 ne
517 2807 593 2891 quid
618 2829 722 2868 meam
744 2806 914 2870 vobiscum
937 2829 1053 2892 pacem
1078 2808 1265 2872 distineat.“

134 2830 227 2956 dictis
250 2894 337 2956 facta
359 2894 513 2956 amiciora
541 2892 672 2954 adiecit:
706 2891 855 2955 obsidum
884 2893 971 2978 quod
1000 2891 1164 2979 reliquum
1181 2906 1268 2973 ,erat

93 2995 109 3042 t
133 2979 284 3058 reddidit,
310 3001 422 3061 ugrum
439 2978 608 3041 Veientem
625 2977 759 3040 foedere
782 2979 823 3041 ad
846 2978 1027 3042 Ianiculum
1048 2980 1112 3043 icto
1129 2980 1266 3066 ademp-

133 3075 200 3128 tum
224 3066 373 3129 restituit.
398 3064 594 3148 Tarquinius
618 3086 676 3148 spe
700 3065 785 3126 omni
812 3065 936 3128 reditus
964 3066 1067 3128 incisa
1094 3065 1267 3133 exulatum

91 3169 105 3216 7
132 3152 173 3215 ad
196 3173 353 3235 generum
375 3149 554 3213 Mamilium
579 3148 752 3213 Octavium
774 3150 953 3214 Tusculum
980 3150 1068 3214 abiit.
1107 3151 1265 3221 Romanis

133 3260 198 3322 pax
220 3237 286 3300 fida
309 3238 354 3299 ita
377 3259 449 3299 oum
474 3236 634 3300 Porsinna
656 3235 724 3297 fuit.

90 3344 102 3389 1
161 3344 163 3355 ¹
235 3323 329 3387 XVI.
363 3321 519 3386 Consules
552 3322 596 3385 M.
630 3320 780 3384 Valerius
812 3321 848 3384 P.
881 3320 1080 3386 Postumius.
1105 3345 1143 3387 eo
1179 3347 1265 3391 anno

88 3430 104 3478 2
131 3408 215 3473 bone
237 3419 415 3495 pugnatum
440 3431 513 3471 cum
530 3406 672 3488 Sabinis,
695 3407 843 3472 consules
866 3407 1116 3492 triumpharunt.
1140 3414 1265 3477 maiore

132 3495 205 3559 inde
229 3495 314 3557 mole
338 3495 448 3558 Sabini
472 3493 594 3557 bellum
616 3493 786 3578 parabant.
811 3493 969 3558 adversus
986 3515 1041 3557 eos
1065 3503 1098 3557 et
1119 3517 1162 3560 ne
1185 3498 1265 3583 quid

133 3580 225 3644 simul
250 3582 289 3644 ab
307 3581 458 3659 Tusculo,
482 3580 578 3656 unde,
605 3581 665 3643 etsi
679 3601 743 3642 non
759 3589 918 3665 apertum,
943 3590 1130 3664 suspectum
1152 3591 1265 3651 tamen

132 3666 250 3730 bollum
276 3678 353 3745 crat,
377 3667 537 3751 repentini
560 3664 696 3750 periculi
720 3667 867 3746 oriretur,
890 3665 927 3728 P.
943 3665 1094 3730 Valerius
1112 3681 1265 3753 quartum

101 3754 165 3823 3'l'.
182 3753 356 3817 Lucretius
372 3754 489 3817 iterum
505 3750 653 3816 consules
669 3750 757 3813 facti.
782 3752 896 3816 seditio
913 3754 998 3816 inter
1013 3751 1091 3816 belli
1106 3756 1265 3843 pacisque

124 3850 277 3903 auctores
311 3849 381 3903 orta
407 3842 439 3903 in
468 3838 596 3903 Sabinis
625 3835 826 3923 aliquantum
853 3838 929 3902 inde
954 3840 1073 3903 virium
1098 3842 1266 3909 transtulit
