2738 4146
87 137 149 195 190
340 151 447 203 mean
464 151 551 201 xxn.
570 150 645 202 oar.
664 153 704 202 ao.
722 153 764 202 40.
782 153 824 202 41.
844 149 878 219 [a.
896 151 930 202 U.
949 167 971 201 ο.
991 151 1062 220 seq.
1089 132 1091 136 ”

137 322 310 386 audentem
334 331 519 386 contemnet
533 321 709 396 Hannibal,
732 321 813 387 nihil
828 333 952 387 temere
968 332 1119 406 agentem
1135 331 1265 388 metuet.

93 427 197 475 alnec
221 429 293 492 ego,
325 422 361 471 ut
382 408 462 471 nihil
484 419 610 492 agatur,
643 409 776 489 suadeo,
808 409 867 472 sed
890 419 927 472 ut
949 419 1100 492 agentem
1130 417 1163 472 te
1186 411 1266 472 ratio

138 494 243 569 ducat,
266 515 330 558 non
353 493 497 576 fortuna3
520 508 595 558 tuae
618 496 788 579 potestatis
811 517 941 579 semper
963 505 999 558 tu
1022 504 1144 580 tuaque
1161 497 1267 558 omnia
1317 526 1321 532 ·

137 581 214 660 sint,
238 589 380 643 armatus
403 581 610 665 intentusque
642 582 717 658 sis3'
737 602 843 666 neque
877 581 1038 644 occasioni
1070 591 1148 643 tuae
1181 581 1266 645 desis

38 721 43 730 .
88 687 242 748 canaque
265 687 356 728 suam
380 667 584 730 occasionem
614 664 701 729 hosti
728 666 797 729 des.
837 667 945 729 omnia
979 687 1044 730 non
1075 670 1267 752 properanti

137 750 226 814 clara
249 765 402 837 certaque
426 763 533 834 erunt3
556 752 719 816 festinatio
743 753 913 836 inprovida
936 762 985 815 est
1009 757 1042 815 et
1063 750 1195 832 caeca.“

96 861 107 910 1
239 837 311 900 XL.
335 839 504 902 Adversus
528 860 567 902 ea
589 840 691 901 oratio
716 836 856 901 consulis
885 837 971 901 haud
996 861 1074 902 sane
1096 838 1184 902 laeta
1204 837 1265 902 fnit

136 925 237 1005 magis
260 923 390 987 fatentis
413 946 462 1005 ea,
486 946 569 1009 quae
586 924 719 1004 diceret,
743 946 824 988 vera
839 946 936 1008 quam
952 924 1059 987 facilia
1074 924 1164 988 factu
1181 946 1264 989 esse.

95 1022 112 1071 2
137 1007 287 1073 dictatori
310 1010 502 1093 magistrum
525 1010 669 1095 equitum
692 1007 930 1073 intolerabilem
953 1010 1068 1091 fuisse3
1093 1011 1174 1096 quid
1190 1031 1264 1073 con·

136 1093 199 1158 suli
221 1095 378 1159 adversus
410 1095 580 1178 conlegam
612 1095 802 1159 seditiosum
834 1118 873 1159 ac
907 1098 1116 1159 temerarium
1148 1097 1266 1160 virium

136 1191 234 1264 atque
258 1182 460 1245 auctoritatis
483 1181 575 1245 fore?
607 1204 641 1244 se
664 1181 826 1266 populare
848 1182 1034 1246 incendium
1058 1183 1169 1264 priore
1192 1204 1266 1245 con-

136 1265 243 1331 sulatu
279 1279 457 1330 semustum
495 1266 659 1350 effugisse3
693 1277 829 1350 optare,
875 1278 912 1330 ut
955 1269 1063 1336 omnia
1107 1289 1265 1352 prospere

43 1421 45 1426 ,
95 1356 111 1404 8
137 1355 317 1431 evenirent3
352 1353 409 1416 sed
443 1355 469 1415 si
502 1353 580 1438 quid
612 1353 743 1418 adversi
776 1354 920 1434 caderet,
952 1352 1096 1418 hostium
1128 1375 1164 1416 se
1192 1352 1265 1417 telis

135 1440 243 1522 potius
267 1461 364 1524 quam
388 1438 549 1522 suffragiis
583 1439 737 1502 iratorum
770 1439 890 1503 civium
922 1449 1021 1524 caput
1049 1437 1264 1504 obiecturum.

93 1528 111 1576 4
136 1524 176 1586 ab
201 1523 264 1588 hoc
286 1546 435 1588 sermone
456 1524 640 1611 profectum
663 1522 800 1587 Paulum
828 1525 960 1588 tradunt
991 1547 1089 1610 prose
1113 1524 1266 1589 uentibus

136 1611 331 1691 primoribus
361 1620 506 1696 patrum3
544 1609 709 1697 plebeium
743 1609 910 1674 consulem
949 1633 1007 1674 sua
1044 1547 1160 1696 pldbes
1192 1633 1266 1698 pro-

135 1710 256 1777 secuta,
279 1696 377 1760 turba
399 1698 614 1781 conspectior,
639 1719 712 1759 cum
736 1696 908 1779 dignitates
931 1696 1092 1762 deessent.

94 1789 110 1836 ὁ
238 1781 284 1846 Ut
316 1783 348 1844 in
380 1794 487 1847 castra
522 1792 691 1863 venerunt,
729 1783 889 1865 permixto
926 1804 1011 1847 novo
1049 1783 1199 1847 exercitu
1230 1804 1267 1846 ac

135 1875 247 1930 vetere
272 1869 385 1932 castris
410 1868 556 1931 bifariam
580 1867 683 1944 factis,
706 1877 744 1931 ut
761 1889 848 1931 nova
863 1869 988 1932 minora
1003 1878 1113 1932 essent
1127 1869 1267 1954 propius

93 1962 110 2009 6
138 1952 365 2034 Hannibalem,
388 1955 420 2016 in
441 1952 609 2018 veteribus
632 1953 736 2016 maior
751 1976 827 2038 pars
851 1964 885 2018 et
907 1975 1002 2018 omne
1023 1955 1126 2018 robur
1144 1955 1265 2019 virium

135 2050 231 2121 esset,
254 2040 423 2103 consulum
447 2041 522 2102 anni
543 2040 660 2124 prioris
682 2038 727 2102 M.
743 2039 880 2103 Atilium
895 2049 1036 2105 aetatem
1052 2051 1266 2105 excusantem

135 2125 270 2188 Romam
293 2126 459 2206 miserunt,
492 2123 666 2189 Geminum
689 2125 861 2189 Servilium
890 2127 922 2188 in
945 2126 1125 2190 minom‘bus
1149 2127 1265 2191 castris

134 2209 254 2293 legioni
284 2210 450 2274 Romanae
484 2220 517 2275 et
548 2212 669 2274 socium
701 2212 847 2295 peditum
886 2215 1097 2298 equitumque
1136 2213 1264 2276 duobus

94 2295 263 2360 tmilibus
300 2296 501 2381 praeficiunt.
524 2373 526 2376 .
546 2296 719 2380 Hannibal,
765 2319 962 2383 quamquam
999 2310 1092 2382 parte
1132 2299 1266 2363 dimidia

134 2392 246 2446 auctas
268 2382 412 2447 hostium
438 2384 550 2467 copias
582 2382 748 2466 cernebat,
780 2397 888 2446 tamen
920 2385 1064 2448 adventu
1096 2383 1265 2448 consulum

93 2480 109 2528 8
135 2470 213 2531 mire
244 2470 398 2553 gaudere.
436 2492 502 2533 non
533 2468 638 2532 solum
673 2469 758 2532 enim
790 2469 869 2532 nihil
906 2491 949 2532 ex
979 2471 1082 2556 raptis
1115 2473 1149 2534 in
1178 2470 1264 2534 diem

134 2555 368 2619 commeatibus
391 2554 578 2640 superabat,
611 2555 668 2619 sed
692 2575 733 2618 ne
755 2555 842 2620 unde
864 2566 996 2638 raperet
1019 2558 1152 2642 quidem
1175 2557 1264 2642 quio-

134 2662 230 2726 quam
253 2641 370 2726 reliqui
392 2652 462 2704 erat
485 2642 572 2704 omni
598 2641 744 2726 undique
775 2640 948 2722 frumento,
981 2652 1156 2728 postquam
1188 2663 1265 2725 ager

92 2740 108 2787 9
135 2748 248 2811 parum
271 2738 359 2791 tutus
383 2737 462 2806 erat,
485 2729 518 2790 in
540 2727 638 2790 urbes
661 2727 799 2790 munitas
823 2737 989 2802 convecto,
1013 2738 1050 2791 ut
1072 2729 1129 2793 vix
1150 2728 1264 2793 decem

135 2812 271 2894 dierum,
295 2812 382 2897 quod
405 2823 610 2898 compertum
634 2822 748 2898 postea
771 2822 830 2895 est,
853 2813 1051 2878 frumentum
1066 2814 1262 2899 superesset,

136 2897 422 2983 Hispanorumque
446 2897 488 2962 ob
511 2899 652 2983 inopiam
676 2900 822 2963 transitio
847 2909 960 2982 parata
981 2900 1090 2980 fuerit,
1114 2901 1141 2963 si
1162 2909 1264 2965 matu-

133 2985 211 3050 ritas
234 2994 417 3063 temporum
441 2995 614 3068 expectata
636 2984 728 3048 foret.

92 3086 106 3132 1
235 3069 324 3132 XLI.
350 3067 501 3133 Ceterum
524 3072 699 3134 temeritati
733 3069 874 3134 consulis
905 3092 944 3134 ao
972 3091 1196 3155 praepropero
1218 3072 1263 3134 in-

133 3157 227 3239 genio
260 3157 428 3219 materiam
462 3157 557 3219 etiam
589 3156 719 3220 fortuna
753 3156 853 3238 dedit,
887 3156 974 3240 quod
995 3159 1027 3220 in
1051 3156 1263 3241 prohibendis

132 3240 381 3325 praedatoribus
402 3240 611 3306 tumultuario
628 3242 751 3328 proelio
768 3263 806 3304 ac
827 3264 988 3328 procursu
1002 3243 1106 3325 magis
1127 3241 1264 3307 militum

134 3349 229 3412 quam
254 3349 296 3391 ex
318 3340 510 3412 praeparato
533 3337 589 3391 aut
610 3329 701 3392 iussu
727 3329 960 3411 imperatorum
994 3337 1065 3392 orto
1096 3328 1263 3415 haudqua-

92 3426 109 3474 2
135 3435 232 3498 quam
248 3435 308 3496 par
323 3413 441 3477 Poenis
459 3414 621 3478 dimicatio
644 3414 713 3478 fuit.
737 3414 779 3477 ad
795 3413 884 3478 mille
900 3424 933 3478 et
948 3415 1146 3500 septingenti
1170 3414 1263 3496 caesi,

133 3521 197 3563 non
220 3498 293 3584 plus
317 3509 447 3563 centum
471 3500 691 3564 Romanorum
713 3501 940 3585 sociorumque
964 3501 1090 3565 occisis.
1119 3509 1264 3566 ceterum

134 3585 314 3649 victoribus
339 3585 439 3650 effuse
455 3586 665 3671 sequentibus
680 3595 770 3650 metu
792 3587 980 3650 insidiarum
1004 3585 1129 3651 obstitit
1144 3585 1264 3650 Paulus

92 3686 109 3734 a
135 3670 256 3754 consul,
272 3671 362 3735 cuius
379 3692 417 3735 eo
434 3671 487 3735 die
503 3707 543 3716 -
559 3693 634 3735 nam
650 3671 782 3735 alternis
797 3671 1027 3756 imperitabant
1041 3694 1081 3719 -’
1092 3673 1264 3756 imperium

136 3767 214 3837 erat,
246 3758 395 3821 Varrone
422 3757 611 3840 indignante
633 3779 672 3820 ac
695 3757 894 3821 vociferante
922 3761 1075 3823 emissum
1097 3757 1264 3824 hosteme

88 3860 108 3905 4
130 3842 291 3927 manibus,
310 3841 545 3930 debellarique,
568 3845 600 3907 ni
622 3854 783 3907 cessatum
806 3843 899 3925 foret,
921 3845 1076 3930 potuisse.
1100 3839 1264 3909 Hannibal
