2738 4146
354 115 462 166 uranu
480 113 566 166 xxu.
584 114 660 165 cnr.
679 118 720 167 sa.
739 117 780 165 ss.
800 112 834 181 [a
852 114 884 166 o.
904 131 926 166 ο.
945 78 1015 184 5381ss
1220 108 1280 167 199

91 293 175 358 etsi
200 287 281 374 quid
303 287 429 370 argenti
452 321 495 333 -
517 286 608 371 quod
631 283 806 370 plurimum
833 288 864 348 in
897 285 1040 372 phaleris
1071 312 1229 375 equorum
1263 319 1266 324 ·

91 386 179 445 eram
202 396 281 439 nam
303 372 345 436 ad
367 371 569 436 vescendum
591 370 678 436 facto
702 373 892 457 perexiguo,
915 375 1028 460 utique
1045 375 1227 458 militantes,

91 463 273 530 utebantur
294 495 337 505 —
360 459 464 522 omnis
487 468 597 522 cetera
618 458 743 543 praeda
765 457 948 542 diripienda
970 462 1047 524 data
1070 473 1128 526 est.
1160 473 1229 527 tum
1250 466 1267 514 ⁶

92 545 277 634 sepeliendi
299 565 400 609 causa
415 543 555 609 conferri
574 544 606 607 in
621 565 721 609 uuum
742 565 879 629 corpora
902 567 1034 612 suorum
1061 549 1163 612 iussit.
1187 550 1229 613 ad

92 648 170 701 octo
181 630 272 698 milia
280 630 379 696 fuisse
389 629 540 695 dicuntur
548 629 795 694 fortissimorum
805 631 959 696 virorum.
974 633 1140 698 consulem
1151 657 1229 722 quo-

94 744 160 809 que
172 720 356 784 Romanum
365 717 583 802 conquisitum
593 714 823 802 sepultumque
839 718 970 803 quidam
983 730 1132 784 auctores
1145 731 1228 784 sunt.

201 804 278 883 Eos,
302 804 358 888 qui
381 800 557 867 Canusium
580 801 798 887 perfugerant,
822 803 938 867 mulier
959 804 1069 889 Apula
1098 809 1264 870 nomine⁷
1346 848 1349 853 -

94 895 196 970 Busa,
219 911 341 976 genere
362 887 451 953 clara
482 911 521 953 ac
545 887 675 970 divitiis,
708 887 877 953 moenibus
909 899 1034 954 tantum
1066 895 1227 978 tectisque

95 977 311 1045 aCanusinis
343 983 498 1059 acceptos
520 973 691 1054 frumento,
728 985 831 1056 veste,
864 976 984 1040 viatico
1017 977 1114 1042 etiarn
1137 979 1229 1060 iuvit,

117 1087 156 1130 ro
180 1085 247 1149 qua
268 1063 300 1126 ei
321 1061 541 1125 munificentia
572 1070 696 1146 postea,
729 1058 816 1124 bello
848 1061 1005 1146 perfecto,
1039 1063 1081 1128 ab
1114 1074 1229 1128 senatu

93 1090 239 1216 bonores
261 1145 366 1211 babiti
388 1156 472 1211 snut.

199 1233 294 1299 LIII.
318 1231 471 1298 Ceterum
494 1253 569 1296 cum
590 1230 637 1295 ibi
651 1231 772 1296 tribuni
787 1230 926 1296 militum
943 1243 1097 1319 quattuor
1112 1245 1228 1317 essent,
1252 1242 1265 1289 1

95 1322 221 1388 Fabius
244 1319 408 1385 Maximus
431 1319 473 1384 de
493 1317 623 1401 legione
644 1319 758 1403 prima,
783 1319 874 1383 cuius
897 1330 992 1467 pater
1013 1322 1122 1405 priore
1144 1343 1228 1387 anno

98 1409 240 1474 dictator
261 1405 378 1477 fuerat,
403 1415 436 1470 et
458 1404 499 1469 de
521 1403 650 1489 legione
674 1405 818 1469 secunda
840 1404 879 1470 L.
930 1403 1069 1470 ublicius
1091 1405 1229 1471 Bibulus
1248 1415 1264 1461 2

97 1505 131 1560 et
154 1493 191 1557 P.
216 1489 388 1558 Cornelius
411 1491 520 1575 Scipio
552 1500 586 1555 et
617 1490 658 1554 de
688 1489 817 1574 legione
852 1492 947 1554 tertia
977 1492 1041 1576 Ap.
1070 1491 1225 1557 Olaudius

95 1579 250 1660 Pulcher,
281 1579 338 1663 qui
358 1578 508 1663 proxime
531 1574 645 1640 aedilis
671 1574 786 1653 fuerat,
821 1578 963 1641 omnium
996 1599 1157 1642 consensu
1188 1578 1264 1642 ade

95 1667 133 1732 P.
157 1664 344 1751 Scipionem
367 1662 545 1729 admodum
567 1661 809 1727 adulescentem
840 1674 874 1726 et
901 1662 941 1726 ad
966 1665 1029 1748 Ap.
1056 1662 1230 1728 Claudium

96 1772 228 1818 summa·
247 1751 375 1836 imperii
391 1749 499 1813 delata
514 1758 573 1813 est.
596 1747 714 1898 quibus
738 1747 995 1814 consultantibus
1010 1750 1094 1813 inter
1108 1772 1230 1834 paucos
1248 1762 1265 1808 4

97 1841 140 1904 de
163 1858 292 1904 summa
313 1857 424 1900 rerum
449 1836 574 1899 nuntiat
626 1834 775 1899 .Furius
797 1834 919 1911 Philus,
954 1834 1134 1899 consularis
1168 1837 1230 1899 viri

96 1923 194 2003 filius,
224 1924 423 2009 nequiquam
456 1943 513 1986 eos
539 1921 700 2006 perditam
736 1944 828 2006 spem
858 1920 985 2002 fovere3
1025 1921 1265 2007 desperatam5

97 2008 389 2097 conploratamque
405 2030 473 2071 rem
490 2030 561 2072 esse
572 2006 750 2093 publicam:
767 2007 893 2072 nobiles
908 2008 1043 2072 iuvenes
1060 2008 1229 2094 quosdam,

97 2119 238 2183 quorum
261 2096 441 2180 principem
465 2093 503 2158 L.
528 2091 706 2157 Caecilium
728 2093 908 2173 Metellum,
940 2116 1030 2158 mare
1063 2117 1102 2158 ac
1130 2117 1231 2159 naves

97 2191 260 2269 spectare,
293 2192 330 2245 ut
352 2181 483 2245 deserta
506 2179 603 2242 Italia
625 2180 667 2243 ad
689 2201 802 2262 regum
835 2180 974 2266 aliquem
1005 2180 1229 2264 transfiigiant.

97 2268 187 2355 quod
219 2265 351 2349 malum,
385 2278 612 2352 praeterquam
646 2274 740 2329 atrox
772 2287 872 2350 super
900 2276 950 2330 tot
980 2265 1099 2346 clades,
1134 2269 1266 2331 etiams

96 2377 232 2438 novum,
264 2375 338 2418 cum
370 2364 505 2438 stupore
536 2374 576 2416 ac
608 2352 764 2416 miraculo
798 2353 942 2437 torpidos
976 2352 1144 2416 defixisset
1175 2355 1231 2438 qui

97 2442 247 2521 aderaut,
279 2449 312 2505 et
343 2438 512 2504 consilium
546 2438 772 2501 advocandum
798 2438 839 2501 de
863 2447 1108 2514 eosenserent,
1131 2448 1231 2520 negat

96 2526 223 2592 consilii
245 2547 316 2590 rem
340 2547 412 2590 esse
435 2524 545 2610 Scipio
568 2525 703 2607 iuvenis,
736 2523 843 2588 fatalis
876 2524 944 2587 dux
976 2523 1110 2587 huiusce
1141 2519 1229 2587 belli.

96 2612 284 2678 audendum
308 2622 408 2698 atque
430 2611 602 2695 agendum,
637 2632 702 2674 non
731 2609 979 2675 consultandum
1012 2612 1057 2673 ait
1086 2611 1119 2672 in
1141 2619 1265 2676 tanton

96 2697 184 2764 malo
208 2719 295 2764 esset
318 2699 404 2762 irent
426 2719 536 2762 secum
561 2696 727 2782 extemplo
750 2698 877 2779 armati,
902 2698 958 2782 qui
980 2717 1051 2761 rem
1066 2695 1230 2782 publicam

96 2784 223 2851 salvam
260 2782 397 2866 vellent3
438 2782 527 2848 nulla
568 2785 686 2860 verius,
733 2805 830 2864 quam
867 2782 923 2847 ubi
961 2804 1001 2847 ea
1038 2785 1265 2867 cogitentur,8

47 2904 50 2909 ⁹
95 2871 241 2937 hostium
264 2880 371 2934 castra
394 2891 475 2935 esse.
499 2870 607 2955 pergit
627 2870 676 2933 ire
700 2868 911 2954 sequentibus
934 2870 1047 2955 paucis
1063 2871 1096 2933 in
1119 2869 1265 2955 hospi-9

96 2959 180 3022 tium
212 2955 337 3021 Metelli
367 2965 409 3036 et,
444 2977 518 3019 cum
549 2952 721 3019 concilium
752 2954 798 3019 ibi
830 2956 995 3040 iuvenum,
1034 2955 1074 3018 de
1112 2955 1231 3041 quibus

73 3040 233 3108 'allatum
256 3052 336 3124 erat,
358 3043 545 3122 invenisset,
580 3043 691 3105 stricto
723 3063 822 3125 super
847 3043 957 3127 capita
979 3040 1231 3106 consultantium

94 3128 206 3214 gladio
231 3150 294 3212 „ex
315 3128 380 3192 mei
402 3129 500 3192 animi
515 3125 692 3192 sententia“
710 3129 815 3212 inquit
832 3138 887 3207 ,ut
905 3150 966 3212 ego
982 3149 1050 3191 rem
1066 3125 1229 3210 publicam
1250 3150 1283 3198 1o

96 3213 211 3302 populi
234 3215 371 3278 Romani
393 3236 457 3278 non
482 3215 641 3294 deseram,
665 3236 773 3296 neque
797 3213 894 3277 alium
920 3215 1024 3278 civem
1048 3213 1229 3277 Romanum

96 3303 253 3366 deserere
275 3302 395 3387 patiar;
434 3302 461 3364 si
484 3301 589 3365 sciens
612 3299 699 3380 fallo,
731 3311 800 3363 tum
830 3323 883 3364 me
905 3300 1054 3385 luppiter
1089 3299 1230 3383 optimus
1248 3310 1280 3357 11

96 3388 269 3466 maximus,
302 3388 444 3465 domum,
482 3384 637 3449 familiam
669 3408 807 3471 remque
840 3408 946 3450 meam
982 3386 1125 3469 pessimo
1162 3383 1229 3449 leto

94 3473 236 3539 adficiat.
259 3475 292 3537 in
315 3471 594 3554 haecve1·ba,L.
621 3471 751 3544 Caecili,
787 3474 873 3536 iures
896 3470 1027 3557 postulo
1052 3472 1227 3556 ceterique,
1248 3484 1280 3531 12

94 3561 152 3645 qui
175 3560 312 3625 adestis:
337 3560 480 3647 quinon
503 3559 668 3637 iuraverit,
692 3559 732 3642 iu
748 3581 783 3622 se
805 3557 892 3622 hunc
915 3556 1060 3642 gladium
1083 3558 1229 3620 strictum

94 3669 168 3711 esse
200 3644 312 3711 sciat.“
353 3646 440 3710 haud
473 3667 567 3710 secus
598 3645 720 3730 pavidi,
759 3667 856 3730 quam
889 3646 915 3707 si
946 3644 1105 3707 victorem
1137 3643 1281 3706 Han-13

94 3730 238 3797 nibalenr
273 3742 453 3813 cernerent,
491 3732 600 3796 iurant
638 3752 750 3795 omues
791 3730 1090 3815 custodiendosque
1126 3738 1230 3795 semet

92 3819 185 3904 ipsos
209 3818 351 3904 Scipioni
373 3818 514 3882 tradunt.
