2738 4146
331 137 438 186 nmen
455 138 489 187 11.
509 136 584 188 cnr.
605 139 644 186 ra
662 139 704 189 ao.
718 135 757 204 p.
776 137 809 188 c.
828 153 850 187 ο.
868 137 1023 204 asa-amp
1087 93 1093 103 V
1231 125 1272 184 69

97 311 176 373 mini
200 308 339 372 hostium
357 316 566 372 occurrerunt
581 316 622 388 et,
647 309 722 394 quia
736 306 928 394 Tarquinios
945 331 1016 373 esse
1030 311 1062 372 in
1079 309 1225 373 exercitu

95 395 285 458 Latinorum
310 395 455 456 auditum
485 403 542 474 est,
577 393 725 458 sustineri
753 395 800 456 ira
827 417 890 458 non
918 396 1032 479 potuit,
1064 398 1140 480 quin
1169 416 1225 458 ex·

94 480 219 565 templo
252 479 472 562 confligerent.
505 501 582 562 ergo
615 481 711 542 etiam
742 479 900 565 proelium
932 480 1095 565 aliquanto
1128 493 1258 566 quamt

95 577 207 630 cetera
229 567 359 649 gravius
383 575 480 648 atque
504 566 643 628 atrocius
658 566 727 628 suit.
752 567 917 628 nonenim
934 567 1032 629 duces
1054 567 1093 629 ad
1110 588 1224 648 regen-

95 653 174 715 dam
196 652 293 714 modo
319 650 450 714 consilio
473 673 542 714 rem
565 650 708 732 adfuere,
733 651 790 715 sed
807 653 941 714 suismet
955 653 1017 735 ipsi
1033 651 1225 735 corporibus

95 739 288 801 dimicantes
325 738 484 799 miscuere
522 738 713 818 certamina,
749 759 809 800 nec
847 739 1018 820 quisquam
1053 758 1226 822 procerum

93 825 198 888 ferme
223 823 283 885 hac
306 831 361 885 aut
382 820 437 884 illa
460 843 502 885 ex
525 822 594 884 acie
623 823 690 885 sine
714 822 848 886 vulnere
876 833 1007 906 praeter
1035 823 1225 886 dictatorem

95 910 277 973 Romanum
306 909 456 970 excessit.
484 908 515 970 in
543 906 745 971 Postumium
773 909 877 992 prima
908 908 940 971 in
969 909 1039 971 acie
1067 930 1142 972 suos
1170 907 1263 972 adt

95 995 282 1058 hortantem
301 996 582 1076 'instruentemque
605 993 798 1078 Tarquinius
823 993 1000 1077 Superbus
1030 1015 1227 1079 quamquam

94 1083 160 1143 iam
184 1088 290 1142 aetate
313 1089 345 1142 et
367 1079 490 1142 viribus
519 1088 589 1141 erat
615 1081 755 1162 gravior,
783 1101 903 1164 equum
930 1079 1065 1143 infestus
1092 1080 1223 1142 admisit

95 1169 246 1249 ictusque
270 1164 310 1227 ab
334 1163 436 1228 latere
461 1186 618 1227 concursu
641 1187 772 1228 suorum
800 1174 953 1250 receptus
979 1166 1011 1227 in
1035 1175 1140 1228 tutum
1163 1174 1222 1228 est.

95 1263 130 1316 et
152 1251 193 1313 ad
210 1249 344 1313 alterum
362 1271 462 1313 cornu
484 1249 644 1313 Aebutius
659 1253 812 1332 magister
835 1253 980 1336 equitum
1001 1251 1034 1312 in
1051 1249 1224 1313 Octavium
1252 1267 1269 1316 ⁷

96 1335 277 1400 Mamilium
299 1337 457 1419 impetum
481 1336 616 1399 dederat
637 1358 697 1399 nec
718 1335 832 1400 fefellit
854 1338 986 1400 veniens
1005 1333 1224 1399 Tusculanum

96 1425 228 1502 ducem3
261 1431 372 1484 contra
400 1443 497 1505 quem
525 1432 557 1485 et
583 1420 637 1484 ille
666 1425 806 1486 concitat
834 1443 966 1507 equum:
990 1431 1144 1505 tantaque
1173 1421 1261 1488 vis8

97 1508 221 1572 infestis
236 1507 432 1571 venientium
450 1507 549 1570 hastis
564 1507 633 1581 fuit,
657 1519 692 1571 ut
713 1507 880 1570 brachium
896 1507 1037 1571 Aebutio
1053 1507 1223 1570 traiectum

95 1597 149 1670 sit,
172 1591 315 1656 Mamilio
342 1604 456 1677 pectus
480 1615 678 1676 percussum.
711 1593 797 1656 hunc
822 1593 952 1678 quidem
984 1593 1017 1654 in
1046 1591 1223 1656 secundam

100 1681 205 1742 aciem
223 1678 333 1742 Latini
348 1701 518 1762 recepere3
542 1678 703 1742 Aebutius
720 1702 792 1742 cum
816 1680 926 1742 saucio
950 1678 1084 1741 brachio
1108 1687 1222 1741 tenere

98 1764 201 1830 telum
223 1786 287 1827 non
310 1775 431 1850 posset,
455 1787 564 1848 pugna
587 1766 737 1826 excessit.
760 1765 895 1828 Latinus
919 1764 987 1826 dux
1002 1762 1088 1846 xnihil
1116 1763 1222 1827 deter·
1246 1782 1261 1828 9

96 1853 179 1914 ritus
201 1849 336 1913 vulnere
357 1849 517 1934 proelium
541 1850 604 1914 ciet
627 1860 667 1928 et,
693 1851 768 1934 quia
790 1872 864 1913 suos
888 1849 1054 1934 perculsos
1076 1848 1221 1930 videbat,
1241 1872 1283 1919 lo

99 1937 237 1999 arcessit
253 1935 416 1999 cohortem
434 1934 564 1998 exulum
580 1936 808 2015 Romanorum,
832 1937 883 1998 cui
905 1935 943 1998 L.
959 1935 1115 2020 Tarquini
1138 1933 1222 1998 filius

98 2030 259 2108 praeerat.
276 2044 324 2095 ea,
336 2043 400 2106 quo
413 2026 533 2084 maiore
543 2021 710 2105 pugnabat
724 2023 772 2084 ira
789 2021 829 2084 ob
841 2030 954 2106 erepta
969 2021 1055 2085 bona
1070 2021 1222 2105 patriam·

98 2130 165 2193 que
188 2106 383 2192 ademptam,
406 2129 546 2190 pugnam
570 2129 747 2192 parumper
767 2109 916 2171 restituit.

198 2191 275 2255 XX.
306 2192 532 2256 Referentibus
563 2194 627 2255 iam
658 2193 776 2276 pedem
810 2191 850 2255 ab
885 2214 924 2254 ea
954 2201 1046 2277 parte
1068 2191 1222 2255 Romanis
1246 2215 1260 2264 1

97 2278 143 2341 M.
167 2276 326 2357 Valerius,
350 2276 536 2341 Publicolae
551 2277 660 2358 frater,
684 2279 887 2362 conspicatus
906 2277 1047 2341 ferocem
1071 2277 1223 2341 iuvenem

96 2364 308 2448 Tarquinium
325 2371 538 2426 ostentantem
554 2386 589 2426 se
604 2365 642 2425 ¹in
658 2365 763 2447 prima
786 2361 916 2426 exulum
941 2365 1020 2442 acie,
1045 2362 1225 2426 domestica
1245 2388 1261 2436 2

97 2451 197 2512 etiam
220 2449 323 2531 gloria
344 2470 508 2528 accensus,
531 2458 576 2527 ut,
602 2450 690 2512 cuius
713 2448 853 2511 familiae
881 2449 980 2511 decus
1008 2448 1102 2511 eiecti
1129 2470 1224 2531 reges

97 2545 201 2614 erant,
213 2535 358 2599 eiusdem
373 2533 533 2597 interfecti
547 2534 662 2612 forent,
678 2534 787 2597 subdit
796 2533 933 2597 calcaria
944 2555 1027 2619 equo
1045 2544 1077 2597 et
1087 2533 1223 2618 Tarqui·

96 2623 187 2684 nium
212 2619 327 2683 infesto
344 2619 468 2703 spiculo
486 2622 575 2703 petit.
592 2620 785 2704 Tarquinius
801 2629 888 2683 retro
904 2621 936 2682 in
960 2641 1075 2702 agmen
1092 2640 1222 2683 suorum
1243 2646 1261 2694 a

98 2705 225 2769 infenso
252 2707 346 2768 cessit
368 2704 462 2770 hosti.
493 2705 659 2768 Valerium
684 2715 805 2769 temere
834 2706 997 2769 invectum
1029 2706 1061 2767 in
1092 2702 1224 2768 exulum

97 2792 202 2855 aciem
220 2812 265 2873 ex
275 2800 460 2855 transverso
478 2792 609 2876 quidam
625 2792 758 2856 adortus
782 2790 950 2874 transfigit,
974 2793 1223 2876 necquicquam

97 2878 216 2962 equitis
226 2875 359 2940 vulnere
371 2898 453 2960 equo
464 2878 628 2940 retardato
645 2876 1028 2941 moribundusRomanus
1038 2875 1223 2941 labentibus

98 2984 199 3047 super
222 2984 340 3046 corpus
369 2963 467 3024 armis
490 2963 531 3025 ad
555 2972 674 3026 terram
700 2962 846 3048 defluxit.
876 2963 1014 3025 dictator
1036 2962 1223 3026 Postumius
1247 2991 1262 3038 4

97 3060 271 3134 postquam
311 3049 469 3112 cecidisse
506 3047 601 3111 talem
640 3050 756 3121 virum,
800 3047 912 3111 exules
942 3048 1094 3111 ferociter
1125 3049 1222 3110 citato

95 3135 226 3217 agmine
252 3134 369 3215 invehi,
398 3155 473 3197 suos
496 3133 663 3218 perculsos
692 3134 808 3198 cedere
831 3132 1067 3211 animadvertit,
1098 3133 1260 3211 cohorti5

96 3242 185 3301 suae,
210 3241 305 3305 quam
330 3217 488 3284 delectam
512 3242 640 3282 manum
664 3220 817 3303 praesidii
839 3241 937 3282 causa
960 3221 1043 3281 circa
1066 3239 1100 3281 se
1123 3218 1222 3282 habe·

95 3305 163 3386 bat,
189 3305 244 3368 dat
265 3307 401 3388 signum,
429 3315 473 3387 ut,
503 3327 598 3390 quem
622 3327 753 3368 suorum
782 3305 960 3388 fugientem
983 3305 1134 3386 viderint,
1162 3325 1222 3389 pro

94 3391 192 3455 hoste
219 3389 369 3454 habeant.
402 3392 446 3454 ita
479 3401 569 3454 metu
596 3391 728 3474 ancipiti
754 3392 840 3454 versi
872 3412 891 3453 a
923 3390 1000 3472 fuga
1025 3389 1162 3453 Romani
1189 3390 1223 3453 in

94 3477 224 3540 hostem
240 3487 272 3540 et
287 3477 436 3540 restituta
451 3478 544 3540 acies.
570 3477 684 3539 cohors
703 3477 865 3540 dictatoris
883 3487 950 3538 tum
968 3477 1106 3559 primum
1128 3497 1220 3559 proe·
1239 3507 1257 3556 ς

94 3561 174 3627 lium
196 3563 280 3642 iniit3
300 3563 433 3644 integris
453 3562 642 3647 corporibus
663 3563 842 3648 animisque
861 3561 964 3625 fessos
987 3561 1092 3624 adorti
1109 3560 1222 3625 exules

94 3649 248 3713 caedunt.
271 3647 316 3711 ibi
339 3647 402 3711 alia
422 3649 505 3712 inter
520 3668 675 3733 proceres
699 3658 808 3711 coorta
825 3669 941 3732 pugna.
967 3649 1143 3732 imperator
1159 3647 1221 3710 La·
1234 3652 1262 3723 ”q

92 3735 180 3799 tinus
202 3733 259 3797 ubi
287 3732 452 3799 cohortem
481 3731 613 3798 exulum
640 3755 660 3796 a
686 3733 843 3798 dictatore
865 3733 1018 3798 Romano
1041 3752 1163 3823 prope=
1180 3731 1244 3787 ἐκκ-

69 3838 72 3842 ’
91 3829 300 3886 cumventam
315 3819 405 3902 vidit,
422 3841 463 3884 ex
477 3817 685 3887 subsidiariis
699 3818 894 3910 manipuios
908 3817 1045 3905 aitquot
1057 3816 1104 3876 'm
1112 3824 1275 3894 quamam
1293 3827 1322 3869 s,
