2738 4146
125 161 185 217 176
376 195 379 200 -
420 172 526 221 runnu
544 173 628 220 xxu.
649 152 722 220 sle.
742 173 782 220 aa.
801 173 842 219 aa.
862 169 894 235 [a.
913 170 945 220 n.
964 185 985 219 ο.
1007 169 1075 238 53η.

167 343 344 408 maximum
373 344 551 407 nemesin
575 341 758 406 civitatibus
783 353 832 405 est
854 343 928 424 suis,
953 352 985 405 et
1007 341 1138 426 publice
1160 349 1289 435 populis

117 447 150 494 14
169 440 296 514 gratum
331 431 400 492 erit.
428 428 499 492 vult
527 428 587 492 sibi
612 429 747 513 quIsque
771 428 868 504 credi,
893 437 925 490 et
946 427 1059 499 habita
1080 427 1164 493 fides
1186 436 1289 520 ipsam

169 514 363 601 plerumque
387 514 509 597 obligat
530 513 637 578 fidem.
662 509 1160 578 ministeriumrestituendorum
1178 520 1291 585 domos

169 601 319 665 obsidum
353 600 500 663 mihimet
523 599 664 684 deposco
696 599 775 684 ipse,
806 610 842 662 ut
870 620 969 683 opera
997 621 1127 685 qnoque
1155 605 1292 691 inpensa

170 686 335 750 consilium
353 687 502 749 adiuvem
518 708 636 766 meum,
654 692 686 746 et
699 685 747 746 rei
763 695 877 768 suapte
889 694 1003 749 natura
1013 701 1124 768 gratae
1136 703 1291 775 quantam

118 773 150 821 15
170 774 302 858 insuper
317 773 452 855 gratiam
466 772 586 854 possim
600 768 766 834 adiciam“.
784 768 905 832 homini
920 792 985 833 non
995 772 1037 834 ad
1047 779 1157 838 cetera
1167 777 1292 841 Punica

149 925 153 933 ,
168 859 296 942 ingenia
312 856 429 920 callido
446 866 481 919 ut
496 856 665 940 persuasit,
682 864 777 919 nocte
793 855 876 920 clam
893 878 1085 939 progressus
1095 860 1137 923 ad
1148 861 1290 938 hostium

170 945 332 1025 stationes,
365 943 530 1006 conventis
560 941 754 1026 quibusdam
781 941 991 1006 auxiliaribus
1014 943 1169 1032 Hispanis
1194 958 1226 1012 et
1249 949 1291 1012 ab

118 1031 151 1079 16
169 1029 219 1092 his
243 1028 283 1092 ad
307 1027 490 1112 Scipionem
514 1028 698 1112 perductus,
723 1027 799 1112 quid
824 1027 974 1110 adferret,
999 1033 1162 1114 expromit
1177 1043 1210 1097 et
1225 1033 1291 1098 fide

169 1125 305 1199 accepta
338 1114 477 1198 dataque
510 1135 548 1177 ac
575 1112 647 1176 loco
671 1122 704 1176 et
725 1122 871 1197 tempore
895 1115 1067 1180 constituto
1092 1118 1134 1181 ad
1158 1119 1308 1184 obsides·

170 1200 345 1264 tradendos
369 1198 548 1280 Saguntum
569 1199 662 1261 redit.
680 1198 764 1261 diem
780 1200 1004 1283 insequentem
1020 1201 1201 1288 absumpsit
1217 1227 1292 1270 cum

118 1289 150 1337 11
171 1286 308 1350 Bostare
330 1286 488 1349 mandatis
511 1284 552 1347 ad
568 1306 637 1348 rem
653 1284 812 1365 agendam
826 1284 1030 1369 accipiendis.
1048 1288 1200 1354 dimissus
1216 1314 1291 1355 curn

172 1394 205 1436 se
228 1380 325 1436 nocte
346 1372 475 1454 iturum,
497 1380 534 1433 ut
555 1370 718 1432 custodias
740 1368 880 1433 hostium
902 1369 1039 1455 falleret,
1062 1376 1293 1459 constituisset,

171 1457 210 1520 ad
236 1457 448 1542 compositam
472 1478 542 1520 cum
559 1457 598 1518 iis
613 1455 727 1518 horam
743 1455 892 1518 excitatis
907 1457 1096 1522 custodibus
1111 1483 1291 1544 puerorum

170 1549 335 1626 profectus
365 1542 466 1605 veluti
493 1543 623 1625 ignarus
650 1541 682 1602 in
705 1548 996 1624 praeparatassua
1017 1543 1131 1608 fraude
1154 1547 1290 1611 insidias

118 1631 150 1679 18
172 1630 276 1692 ducit,
293 1629 325 1691 in
348 1637 454 1693 castra
471 1626 616 1689 Romana
628 1626 790 1710 perducti:
808 1635 916 1689 cetera
932 1629 1038 1690 omnia
1055 1629 1096 1694 de
1111 1631 1292 1695 reddendis

172 1713 349 1795 obsidibus,
373 1716 454 1776 sIcut
470 1734 540 1775 cum
556 1711 693 1775 Bostare
709 1712 916 1775 constitutum
933 1723 1012 1795 erat,
1027 1727 1160 1798 peracta
1174 1717 1294 1782 eodem

120 1804 153 1852 19
171 1800 295 1882 ordine,
319 1821 382 1884 quo
407 1799 434 1860 si
458 1797 770 1881 Carthaginiensium
792 1799 920 1860 nomine
943 1799 989 1862 sic
1011 1814 1172 1885 ageretur.
1188 1804 1295 1867 maior

171 1885 333 1970 aliquanto
357 1884 576 1947 Romanorum
608 1885 711 1965 gratia
741 1882 800 1945 fuit
829 1884 863 1944 in
884 1905 920 1946 re
943 1886 1024 1968 pari,
1049 1907 1147 1970 quam
1171 1898 1296 1973 quanta

170 1971 278 2034 sutura
301 1969 612 2052 Carthaginiensium
637 1969 752 2032 fuerat.
780 1967 850 2038 illos
874 1969 959 2032 enim
982 1993 1109 2055 graves,
1133 1973 1294 2058 superbos

92 2059 94 2062 ⁴
170 2056 203 2119 in
225 2056 323 2119 rebus
346 2054 497 2117 secundis
520 2063 673 2138 expertos
695 2053 823 2117 fortuna
846 2064 878 2118 et
892 2055 988 2117 timor
1002 2057 1168 2140 mitigasse
1183 2059 1294 2122 videri

120 2145 312 2225 2⁰p0te1at3
350 2140 513 2204 Romanus
549 2140 653 2224 primo
686 2139 829 2202 adventu
858 2140 1039 2223 incognitus
1072 2152 1146 2207 ante
1182 2143 1224 2208 ab
1257 2166 1296 2209 re

173 2225 323 2289 clementi
346 2225 535 2307 liberalique
557 2225 682 2290 initium
703 2223 839 2304 fecerat;
863 2235 895 2288 et
916 2225 1058 2308 Abelux,
1082 2229 1133 2292 vir
1148 2229 1301 2314 prudens,

117 2314 147 2363 21
173 2313 258 2375 haud
275 2311 576 2386 frustravidebatur
591 2312 697 2374 socios
707 2319 858 2374 mutasse.
874 2311 983 2395 itaque
997 2313 1118 2394 ingenti
1130 2336 1296 2380 consensu

171 2398 384 2462 defectionem
410 2418 520 2460 omnes
543 2407 705 2481 spectare3
721 2417 876 2482 armaque
893 2397 1056 2483 externplo
1074 2410 1161 2464 mota
1175 2400 1296 2484 forent,

50 2510 54 2579 p
131 2504 134 2509 ·
170 2485 202 2547 ni
232 2483 348 2565 hiems,
381 2504 463 2568 quae
488 2483 648 2546 Romanos
682 2504 811 2567 quoque
839 2491 870 2545 et
899 2480 1183 2567 Carthaginienses
1215 2508 1294 2552 cou-

50 2582 52 2589 '
170 2570 287 2634 cedere
309 2571 342 2632 in
364 2578 453 2632 tecta
476 2569 591 2651 coegit,
614 2569 848 2631 intervenisset.
1080 2565 1087 2580 '
1237 2609 1244 2623 .

134 2662 145 2707 1
269 2655 397 2718 XXIII.
421 2653 568 2717 Haecin
591 2654 750 2737 Hispania
772 2653 912 2716 secunda
935 2665 1057 2720 aestate
1072 2657 1187 2720 Punici
1210 2657 1292 2724 belli
1344 2674 1349 2684 ’

159 2752 267 2824 gesta,
283 2762 353 2803 oum
367 2741 400 2802 in
413 2737 506 2801 Italia
518 2737 648 2821 paulum
666 2737 825 2802 intervalli
843 2737 988 2803 cladibus
1003 2742 1157 2806 Romanis
1173 2741 1293 2809 sollers

127 2830 141 2878 2
168 2826 326 2889 cunctatio
336 2824 431 2887 Fabii
447 2824 587 2902 fecisset;
599 2846 681 2907 quae
692 2834 728 2887 ut
737 2824 952 2888 Hannibalem
963 2846 1026 2889 non
1038 2828 1193 2892 mediocri
1204 2827 1295 2892 solli·

168 2913 265 2974 citum
281 2932 360 2974 cura
375 2909 524 2988 habebat,
545 2912 675 2974 tandem
687 2932 759 2973 eum
774 2909 907 2973 militiae
931 2913 1120 2993 magistrum
1131 2913 1296 2998 delegisse

133 3002 147 3050 ³
168 2997 329 3059 Romanos
354 3005 546 3076 cernentem,
571 2997 624 3080 qui
646 2994 767 3059 bellum
780 2997 912 3076 ratione,
928 3017 992 3059 non
1007 2998 1137 3061 fortuna
1151 3010 1295 3085 gereret,

50 3056 57 3147 l
166 3084 212 3146 ita
243 3091 428 3166 contempta
457 3092 527 3160 ¹erat
553 3082 637 3145 inter
660 3083 745 3145 cives
777 3089 916 3145 armatos
940 3083 1068 3166 pariter·
1084 3094 1293 3170 togatosque,

166 3169 280 3252 utique
297 3177 469 3252 postquam
486 3166 619 3231 absente
636 3189 673 3231 eo
689 3167 870 3230 temeritate
887 3169 1033 3250 magistri
1049 3171 1194 3254 equitum
1206 3168 1294 3236 laeto

166 3255 274 3317 verius
315 3254 450 3317 dixerim
488 3275 584 3338 quarn
620 3274 776 3339 prospero
809 3262 928 3316 eventu
961 3265 1139 3339 pugnatum
1174 3255 1292 3328 fuerat.

83 3384 93 3397 ,
131 3345 147 3392 ⁴
166 3349 370 3404 accesserant
397 3339 480 3401 duae
502 3361 555 3402 res
578 3339 619 3401 ad
645 3338 824 3422 augendam
846 3339 1001 3402 invidiam
1025 3341 1203 3425 dictatoris,
1227 3364 1293 3407 una

166 3425 287 3488 fraude
319 3447 358 3489 ac
389 3424 464 3488 dolo
489 3422 688 3501 Hannibalis,
722 3423 819 3510 quod,
844 3445 916 3486 cum
940 3447 958 3486 a
980 3426 1125 3574 perfugis
1148 3427 1179 3492 ei
1202 3450 1291 3492 mon·

165 3520 286 3575 stratus
319 3532 396 3595 ager
428 3510 593 3574 dictatoris
626 3519 720 3592 esset,
753 3508 901 3572 omnibus
929 3511 1017 3573 eirea
1045 3533 1117 3575 soe
1144 3514 1292 3598 aequatis

164 3597 205 3661 ab
236 3619 300 3662 uno
333 3618 371 3661 eo
402 3595 522 3660 ferrum
545 3596 718 3679 ignemque
763 3604 794 3658 et
816 3596 880 3658 vim
905 3616 1032 3659 omnem
1055 3596 1212 3662 hostilem
1235 3599 1290 3663 ab·
1344 3675 1346 3680 ¹

168 3683 277 3746 stineri
301 3683 401 3765 iussit,
418 3691 454 3745 ut
470 3679 586 3745 occulti
599 3680 732 3745 alicuius
748 3681 836 3765 pacti
852 3702 891 3742 ea
906 3702 1032 3746 merces
1047 3681 1152 3747 videri
1167 3695 1289 3768 posset,

132 3768 268 3833 beltena
290 3770 390 3854 ipsius
412 3767 506 3847 facto,
530 3768 633 3851 primo
657 3766 790 3829 forsitan
813 3765 921 3848 dubio,
946 3768 1100 3851 quianon
1116 3758 1290 3854 expectata

156 3858 187 3914 r'n
213 3875 253 3917 eo
275 3864 409 3918 senatus
436 3854 610 3920 auctoritas
635 3863 695 3935 est,
718 3852 759 3916 ad
782 3861 963 3916 extremum
987 3854 1070 3918 haud
1089 3876 1140 3917 am
1157 3855 1289 3941 inhigue
