2738 4146
384 110 492 160 mnnn
512 113 546 161 11.
566 111 641 162 car.
661 115 701 162 11.
722 116 762 162 12.
782 111 815 178 [a.
834 112 867 163 u,
886 129 908 163 ο.
928 113 998 182 arcp
1208 168 1212 174 ,
1244 101 1283 170 63

103 279 214 342 vebat.
237 281 349 369 itaque
376 291 412 347 ut
443 282 575 346 eliceret
605 283 826 368 praedatores,
862 285 960 348 edicit
991 287 1067 366 suis,
1099 299 1229 369 postero
1255 309 1270 356 s

104 364 157 427 die
181 365 369 452 frequentes
392 380 487 454 porta
511 369 690 454 Esquilina,
725 391 807 454 quae
831 372 1038 435 aversissima
1072 371 1112 434 ab
1136 373 1230 436 hoste

102 463 185 532 erat,
210 454 414 539 expellerent
436 477 546 541 pecus,
579 458 716 519 scituros
748 455 780 518 id
816 455 924 520 hostes
952 467 1051 538 ratus,
1087 458 1175 543 quod
1198 459 1230 521 in

102 537 275 604 obsidione
308 552 340 604 et
369 540 455 604 fame
487 542 622 604 servitia
653 541 752 605 infida
782 545 1034 626 transfugerent.
1076 557 1107 606 et
1129 545 1268 615 scieres

104 625 262 709 perfugae
284 627 412 708 indicio,
446 625 614 713 multoque
648 627 769 713 plures,
803 640 839 692 nt
869 630 903 691 in
937 652 1028 714 spem
1060 630 1232 694 universae

104 714 259 798 praedae,
283 712 403 776 flumen
426 713 587 777 traiciunt.
627 715 662 777 P.
686 714 836 779 Valerius
866 715 940 777 inde
964 715 1267 788 T..Herminium7

102 821 179 863 cum
203 799 340 863 modicis
367 799 469 882 copiis
502 799 543 862 ad
575 801 754 864 secundum
785 799 928 884 lapidem
952 800 1082 866 Gabina
1103 803 1158 866 via
1181 823 1231 866 oc·

101 884 229 948 cultum
252 885 420 949 considere
443 884 544 967 iubet,
562 885 617 970 Sp.
635 886 785 950 Larcium
803 909 876 950 oum
893 889 1047 972 expedita
1062 888 1230 952 iuventute

104 971 146 1035 ad
170 983 297 1056 portam
320 969 480 1037 Collinam
504 983 599 1050 stare,
625 973 729 1036 donec
753 973 854 1037 hostis
879 983 1072 1058 praetereat,
1095 975 1171 1036 inde
1195 997 1231 1039 se
1286 969 1289 976 ’

101 1058 244 1139 obicere,
267 1081 308 1122 ne
331 1059 372 1120 sit
395 1058 437 1121 ad
459 1056 581 1121 flumen
603 1059 739 1123 reditus.
764 1059 935 1123 consulum
958 1059 1040 1122 alter
1055 1061 1091 1122 Τ.
1108 1060 1229 1123 Lucre·
1252 1071 1267 1120 8
1345 1117 1346 1120 ,

102 1145 166 1207 tius
189 1154 285 1229 porta
306 1144 431 1206 Naevia
454 1165 528 1206 cum
551 1143 676 1229 aliquot
698 1145 870 1229 manipulis
901 1145 1039 1209 militum
1057 1168 1229 1229 egressus,

101 1232 174 1315 ipse
200 1229 346 1294 Valerius
370 1228 481 1294 Caelio
509 1241 619 1296 monte
647 1232 798 1294 cohortes
822 1230 965 1295 delectas
989 1233 1106 1295 educit.
1131 1231 1230 1317 hique
1250 1246 1266 1293 9

101 1317 199 1403 primi
221 1337 403 1402 apparuere
426 1315 527 1397 hosti;
551 1317 737 1381 Herminius
760 1317 815 1380 ubi
838 1317 1012 1381 tumultum
1027 1319 1136 1400 sensit,
1154 1340 1229 1382 oon·

100 1405 206 1486 surgit
243 1424 285 1466 ex
321 1401 444 1465 insidiis
476 1405 644 1489 versisque
681 1405 714 1466 in
746 1401 914 1467 Valerium
950 1403 1097 1466 Etruscis
1135 1413 1228 1487 terga

98 1491 222 1569 caedit3
262 1489 377 1551 dextra
408 1486 579 1574 laevaque,
617 1489 691 1553 hinc
724 1512 743 1552 a
772 1501 869 1576 porta
901 1488 1037 1571 Collina,
1070 1489 1158 1552 illino
1186 1490 1281 1554 ab10

98 1575 236 1654 Naevia,
266 1573 414 1638 redditus
448 1573 583 1639 clamor:
613 1577 660 1639 ita
691 1578 779 1639 caesi
810 1577 843 1638 in
874 1577 981 1639 medio
1014 1575 1227 1661 praedatores

98 1683 208 1746 neque
230 1659 271 1723 ad
293 1681 438 1745 pugnam
460 1660 584 1726 viribus
606 1685 703 1748 pares
736 1672 769 1725 et
801 1662 842 1724 ad
874 1661 984 1745 fugam
1017 1662 1136 1746 saeptis
1161 1683 1227 1726 om-

97 1747 196 1811 nibus
219 1747 289 1809 viis.
313 1744 452 1831 finisque
474 1745 529 1810 ille
551 1756 618 1810 tam
641 1747 742 1812 effuse
764 1748 906 1830 vagandi
929 1746 1076 1811 Etruscis
1099 1746 1168 1810 fuit.

203 1831 280 1895 XII.
327 1831 465 1896 Obsidio
505 1842 575 1897 erat
610 1833 711 1897 nihilo
748 1835 855 1897 minus
895 1842 927 1898 et
963 1833 1116 1898 frumenti
1153 1852 1260 1898 euml

97 1940 227 1983 summa
254 1920 389 1981 caritate
413 1919 532 2000 inopia,
554 1919 767 2006 sedendoque
783 1929 1045 2003 expugnaturum
1061 1942 1096 1982 se
1112 1919 1227 1982 urbem

98 2027 194 2091 spem
217 2004 374 2067 Porsinna
395 2003 549 2087 habebat,
574 2027 648 2069 cum
671 2003 707 2070 O.
725 2005 862 2084 Mucius,
887 2004 1078 2069 adulescens
1097 2004 1226 2086 nobilis,
1246 2026 1260 2072 2

96 2093 153 2154 cui
173 2091 342 2172 indignum
363 2089 538 2154 videbatur
559 2091 719 2177 populum
734 2092 914 2156 Romanum
930 2092 1135 2167 servientem,
1154 2113 1226 2155 cum

98 2176 161 2240 sub
183 2177 316 2260 regibus
340 2188 434 2248 esset,
467 2176 555 2240 nullo
580 2177 665 2242 bello
697 2199 758 2240 nec
782 2177 823 2241 ab
847 2177 995 2240 hostibus
1018 2176 1092 2241 ullis
1115 2176 1223 2241 obses·

96 2287 171 2327 sum
192 2285 284 2344 esse,
315 2261 455 2325 liberum
487 2263 627 2327 eundem
657 2263 815 2349 populum
849 2263 890 2326 ab
925 2263 1040 2326 iisdem
1078 2263 1226 2326 Etruscis

95 2349 252 2418 obsideri,
277 2370 415 2434 quorum
438 2370 536 2433 saepe
561 2353 726 2413 exercitus
748 2349 869 2413 fuderit
891 2370 947 2430 -3
975 2350 1085 2433 itaque
1107 2370 1261 2430 magnos

97 2436 279 2519 audacique
311 2433 419 2519 aliquo
451 2433 595 2501 facinore
628 2458 698 2498 eam
730 2435 958 2518 indignitatem
995 2435 1225 2497 vindicandam

94 2530 187 2586 ratus
220 2523 326 2607 primo
359 2543 418 2583 sua
449 2530 565 2604 sponte
596 2534 768 2607 penetrare
795 2523 827 2584 in
856 2521 998 2584 hostium
1021 2530 1127 2583 castra
1150 2542 1225 2584 oon·

95 2609 214 2686 stituit3
253 2607 328 2670 dein
357 2616 516 2686 metuens,
548 2628 600 2687 ne,
633 2609 659 2669 si
687 2607 853 2671 consulum
885 2607 1011 2670 iniussu
1042 2614 1075 2669 et
1105 2606 1260 2688 ignaris4

95 2694 247 2758 omnibus
268 2693 340 2772 iret,
362 2690 447 2755 forte
465 2692 693 2777 'deprehensus
714 2714 734 2756 a
749 2692 937 2757 custodibus
953 2692 1107 2756 Romanis
1122 2701 1224 2756 retra·

94 2780 230 2843 heretur
251 2787 289 2842 ut
309 2778 485 2861 transfuga,
509 2779 640 2842 fortuna
665 2790 735 2843 tum
761 2780 852 2843 urbis
876 2780 998 2842 crimen
1021 2778 1223 2858 adfirmante,

94 2876 244 2930 senatum
267 2864 344 2928 adit.
371 2865 527 2947 „transire
550 2865 712 2929 Tiberino
739 2868 852 2950 inquit,
879 2875 1017 2950 „patres
1045 2874 1077 2928 et
1092 2867 1221 2945 intrare,
1244 2889 1260 2937 5

92 2955 122 3016 si
144 2952 278 3038 possim,
302 2960 409 3013 castra
424 2951 565 3014 hostium
580 2950 665 3029 volo,
681 2973 744 3015 non
761 2951 883 3035 praedo
899 2973 960 3015 nec
975 2949 1222 3036 populationum

92 3040 126 3102 in
147 3039 255 3102 vicem
277 3035 376 3101 ultor:
401 3037 513 3115 maius,
549 3037 575 3100 si
598 3038 631 3100 di
655 3038 777 3117 iuvant,
805 3039 838 3100 in
861 3039 967 3102 animo
991 3050 1041 3101 est
1063 3035 1218 3099 facinus.“

92 3123 280 3211 adprobant
303 3133 422 3208 patres.
461 3122 572 3186 abdito
607 3124 692 3187 intra
722 3134 848 3188 vestem
878 3123 964 3186 ferro
988 3123 1220 3207 proficiscitur.

91 3211 150 3275 ubi
173 3233 212 3274 eo
236 3212 334 3288 venit,
365 3209 399 3271 in
422 3208 657 3273 confertissima
683 3210 781 3273 turba
802 3231 907 3295 prope
929 3212 1055 3293 regium
1077 3207 1257 3271 tribunale

91 3296 245 3361 constitit.
282 3295 329 3359 ibi
365 3317 438 3358 cum
468 3295 664 3378 stipendium
696 3295 850 3359 militibus
883 3295 966 3359 forte
1006 3295 1148 3374 daretur,
1189 3303 1256 3356 ett

91 3383 200 3448 scriba
223 3405 297 3445 cum
319 3403 396 3464 rege
419 3380 537 3443 sedens
560 3383 631 3466 pari
653 3383 722 3446 fere
745 3391 861 3446 ornatu
884 3379 986 3444 multa
1003 3390 1116 3464 ageret
1132 3402 1219 3444 eum-

89 3491 156 3556 que
178 3468 296 3532 milites
318 3467 417 3551 vulgo
442 3467 583 3530 adirent:
618 3468 735 3532 timeus
768 3467 934 3547 sciscitari,
961 3476 1034 3529 uter
1064 3467 1221 3535 Porsinna

90 3564 187 3630 esset,
216 3577 257 3617 ne
280 3553 460 3638 ignorando
484 3574 595 3634 regem
619 3563 722 3617 semet
749 3554 819 3639 ipse
847 3554 997 3637 aperiret,
1028 3553 1100 3638 quis
1124 3561 1219 3633 esset,

90 3665 155 3728 quo
171 3650 296 3710 temere
311 3641 410 3703 traxit
425 3638 555 3701 fortuna
568 3638 702 3719 facinus,
719 3640 861 3702 scribam
871 3661 929 3724 pro
944 3661 1021 3719 rege
1038 3637 1219 3702 obtruncat.

88 3729 266 3794 vadentem
287 3727 374 3800 inde,
399 3746 463 3812 qua
486 3746 544 3809 per
565 3725 727 3810 trepidam
750 3721 879 3788 turbam
904 3735 1040 3788 cruento
1065 3737 1273 3785 mucrones

88 3815 152 3880 sibi
173 3815 245 3900 ipse
266 3811 391 3877 fecerat
412 3813 508 3890 viam,
526 3831 600 3876 cum
617 3831 785 3879 concursu
801 3812 844 3878 ad
862 3807 1158 3876 clamoremlacto
1175 3820 1258 3860 ccu-
