2738 4146
91 122 151 179 126
349 135 457 184 ninus
478 136 546 183 xxr.
566 133 641 183 cnr.
661 137 702 184 aa
722 137 763 184 aa.
784 133 816 201 [a.
836 133 869 184 n.
888 148 913 184 ο.
932 132 1005 202 aaa}

103 307 317 373 oblasonem.
353 305 385 370 id
415 329 544 454 quoque
573 305 707 370 dubium
735 314 791 384 est,
815 303 913 387 legati
935 305 976 368 ad
1000 304 1271 391 expostulandum

138 397 227 457 missi
249 393 290 456 ad
315 392 411 457 Boios
434 395 485 456 vio
500 395 542 455 ati
565 394 635 473 sint,
660 413 700 455 an
722 393 754 455 in
777 393 961 456 triumviros
984 413 1098 474 agrum
1114 401 1273 456 metantes

103 482 276 564 einrpetus
304 481 345 542 sit
370 477 484 542 factus.
523 477 667 541 Mutinae
695 499 769 541 cum
797 476 1032 559 obsiderentur,
1061 486 1094 540 et
1120 499 1201 560 gens
1229 479 1269 541 ad

139 565 430 651 oppugnandarum
456 563 585 628 urbium
612 573 697 626 artes
724 562 814 626 rudis
862 565 1038 649 pigerrima
1075 565 1194 627 eadem
1231 565 1271 628 ad

101 653 287 718 tmilitaria
319 672 427 736 opera,
471 652 578 730 segnis
615 651 740 713 intactis
778 650 944 712 adsideret
980 651 1090 730 muris,
1129 647 1272 714 simulari

138 746 288 823 coeptum
317 735 358 799 de
384 755 466 821 pace
494 738 555 817 agi,
583 737 773 820 evocatique
802 735 842 798 ab
873 733 1043 798 Gallorum
1070 736 1272 822 principibus

137 822 234 906 legati
266 823 306 885 ad
340 820 546 906 conloquium
576 843 641 886 non
672 830 785 885 contra
814 823 864 884 ius
892 820 989 884 modo
1017 822 1173 903 gentium,
1214 822 1272 885 sed

138 909 257 973 violata
279 910 491 992 etiamsquae
516 907 591 970 data
611 909 644 970 in
665 907 698 970 id
722 917 850 992 tempus
874 916 951 985 erat,
980 904 1047 969 fide
1069 907 1271 992 conprehen-

139 995 267 1072 duntur,
290 995 482 1075 negantibus
507 991 619 1076 Gallis,
641 994 701 1057 nisi
725 991 855 1057 obsides
879 991 939 1056 sibi
962 992 1188 1075 redderentur,
1218 1015 1272 1058 eos

101 1081 337 1148 edimissuros.
367 1102 441 1143 cum
469 1079 550 1143 haee
574 1079 613 1140 de
636 1076 751 1160 legatis
774 1080 919 1142 nuntiata
948 1088 1063 1156 essent,
1093 1087 1126 1142 et
1148 1079 1273 1143 Mutina

138 1167 401 1253 praesidiumque
438 1165 469 1226 in
507 1163 652 1251 periculo
690 1173 784 1243 esset,
822 1163 861 1227 L.
891 1163 1030 1228 lllanlius
1061 1174 1194 1249 praetor
1225 1168 1273 1229 ira

103 1274 118 1321 9
139 1273 293 1317 accensus
317 1251 455 1315 effusum
478 1272 594 1334 agmen
618 1250 658 1314 ad
683 1249 839 1314 Mutinam
855 1249 951 1313 ducit.
976 1249 1077 1314 silvae
1093 1260 1171 1314 tune
1187 1253 1284 1316 circa'

137 1341 225 1402 viam
252 1346 343 1402 erant
368 1335 533 1423 plerisque
560 1335 697 1400 incultis.
735 1334 780 1400 ibi
810 1335 1012 1422 inexplorato
1044 1336 1211 1422 profectus
1238 1340 1269 1401 in

138 1424 268 1489 insidias
290 1424 521 1510 praecipitatur
543 1421 708 1508 multaque
737 1445 810 1486 cum
837 1421 938 1486 caede
961 1444 1094 1486 suorum
1117 1445 1218 1506 aegre
1240 1426 1272 1487 in

88 1529 120 1576 10
139 1519 267 1596 apertos
290 1531 421 1594 campos
445 1511 583 1572 emersit.
607 1507 653 1572 ibi
676 1517 781 1572 castra
796 1509 1001 1589 communita,
1019 1516 1060 1588 et,
1076 1510 1153 1594 quia
1169 1507 1272 1574 Gallis

139 1597 177 1658 ad
212 1597 400 1681 temptanda
431 1616 471 1657 ea
501 1594 602 1658 defuit
629 1616 712 1680 spes,
744 1594 857 1658 refecti
890 1603 965 1658 sunt
994 1592 1131 1658 militum
1165 1597 1272 1678 animi,

88 1702 118 1749 11
140 1704 335 1768 quamquam
354 1681 395 1744 ad
412 1683 603 1767 quingentos
620 1679 776 1744 cecidisse
792 1682 868 1744 satis
885 1678 1060 1744 constabat
1077 1682 1139 1744 iter
1154 1680 1273 1746 deinde

139 1771 180 1831 de
202 1770 328 1850 integro
351 1776 512 1854 coeptum,
539 1789 610 1847 nec,
635 1765 713 1830 dum
734 1788 793 1853 per
827 1768 970 1853 patentia
996 1764 1069 1829 loca
1091 1765 1273 1832 ducebatur

88 1875 120 1922 12
138 1876 264 1937 agmen,
287 1875 425 1939 usquam
448 1855 596 1938 apparuit
617 1851 735 1931 hostis3
773 1850 830 1915 ubi
857 1874 968 1916 rursus
996 1850 1097 1916 silvae
1124 1855 1272 1937 innatae,

137 1951 206 2004 tum
236 1948 417 2024 postremos
451 1939 557 2003 adorti
589 1961 662 2002 cum
696 1960 813 2020 magna
837 1937 1052 2024 trepidatione
1084 1960 1123 2002 ao
1148 1962 1273 2024 pavore

138 2028 280 2090 omnium
303 2027 522 2110 septingentos
544 2022 660 2088 milites
684 2024 882 2104 occiderunt,
906 2046 966 2087 sex
989 2025 1080 2104 signa
1106 2024 1271 2090 ademere.

88 2135 120 2181 13
137 2111 209 2175 finis
233 2119 265 2174 et
287 2109 390 2174 Gallis
412 2110 580 2174 territandi
596 2119 629 2174 et
648 2110 792 2196 pavendi
813 2108 873 2173 fuit
893 2108 1057 2188 Romanis,
1081 2119 1117 2174 ut
1139 2133 1157 2174 e
1187 2112 1272 2178 saltu

137 2199 224 2260 invio
248 2206 344 2282 atque
366 2196 521 2282 impedito
538 2218 682 2261 evasere.
699 2195 775 2259 inde
791 2197 910 2281 apertis
925 2194 1004 2260 loeis
1020 2195 1114 2260 facile
1129 2205 1272 2263 tutantes

139 2304 254 2366 agmen
280 2282 418 2347 Romani
444 2282 635 2363 Tannetum,
669 2284 778 2346 vicum
807 2284 1025 2368 propinquum
1056 2281 1158 2365 Pado,
1196 2306 1272 2352 con-

88 2394 121 2440 14
138 2369 281 2433 tendere.
319 2368 364 2432 ibi
401 2390 435 2432 se
473 2371 671 2432 munimento
716 2368 758 2431 ad
801 2377 928 2454 tempus
972 2369 1272 2458 commeatibusque

137 2454 276 2520 fluminis
304 2464 336 2518 et
361 2455 587 2519 Brixianorum
621 2455 714 2518 etiarn
749 2452 918 2518 Gallorum
954 2452 1075 2519 auxilio
1113 2456 1272 2523 adversus

139 2551 336 2606 crescentem
359 2544 391 2604 in
416 2541 484 2605 dies
507 2540 744 2605 multitudinem
767 2539 905 2604 hostium
929 2539 1126 2605 tutabantur.
1293 2600 1296 2609 .

102 2649 114 2695 1
240 2627 366 2690 XXVI.
392 2624 455 2704 Qui
478 2627 632 2691 tumultus
648 2647 765 2712 repens
780 2635 952 2713 postquam
975 2636 1025 2690 est
1045 2627 1183 2692 Romam
1197 2650 1271 2714 per-

138 2713 231 2795 latus
270 2722 302 2776 et
332 2713 490 2777 Punicum
522 2715 654 2799 insuper
687 2710 813 2776 Gallico
846 2711 966 2776 bellum
999 2722 1130 2777 auctum
1161 2724 1271 2801 patres

101 2808 342 2885 resceperunt,
368 2797 403 2862 O.
428 2797 561 2862 Atilium
583 2807 768 2884 praetorem
792 2820 865 2862 cum
889 2820 954 2862 una
975 2796 1103 2880 legione
1124 2799 1272 2864 Romana

139 2894 170 2948 et
199 2885 339 2971 quinque
367 2883 496 2948 milibus
527 2888 687 2949 sociorum
715 2882 835 2948 dilectu
864 2907 948 2949 novo
977 2906 997 2947 a
1025 2885 1158 2950 consule
1197 2909 1270 2952 con·

139 2973 265 3057 scriptis
288 2968 443 3034 auxilium
466 2969 551 3034 ferre
574 2969 693 3034 Manlio
716 2970 838 3051 iubent,
881 2973 914 3034 ui
929 2972 998 3035 sine
1012 2970 1078 3036 ullo
1096 2975 1272 3037 certamine

140 3093 176 3103 —
202 3056 429 3120 abscesserant
452 3058 534 3120 enirn
560 3066 648 3120 metu
672 3057 779 3122 hostes
802 3092 845 3102 —
897 3067 1048 3122 annetum
1069 3061 1228 3144 pervenit.

99 3168 116 3215 3
240 3142 284 3206 Et
306 3142 342 3205 P.
359 3140 528 3208 Cornelius
549 3142 705 3207 inlocum
722 3145 801 3225 eius,
819 3165 902 3228 quae
919 3146 1016 3208 missa
1031 3167 1104 3208 cum
1119 3154 1273 3230 praetore

139 3239 216 3311 erat,
240 3230 361 3315 scripta
382 3227 509 3312 legione
531 3251 616 3292 nova
638 3229 803 3314 profectus
825 3228 867 3292 ab
884 3229 965 3293 urbe
982 3232 1152 3313 sexaginta
1167 3232 1272 3317 longis

137 3314 274 3380 navibus
296 3324 425 3402 praeter
448 3338 538 3379 oram
561 3315 710 3379 Etruriae
728 3316 949 3400 Ligurumque
964 3325 997 3380 et
1010 3316 1086 3380 inde
1102 3316 1271 3384 Saluvium

138 3410 263 3466 montes
285 3402 435 3487 pervenit
456 3400 634 3465 Massiliam
659 3411 690 3465 et
712 3402 752 3464 ad
777 3401 961 3485 proximum
985 3404 1101 3467 ostium
1117 3403 1270 3470 Rhodani

101 3515 180 3561 4-
201 3487 349 3573 pluribus
372 3488 455 3551 enim
481 3487 604 3551 divisus
632 3490 734 3552 amnis
760 3489 793 3550 in
819 3507 908 3549 mare
938 3488 1143 3554 decurrit-
1166 3501 1273 3571 castra

138 3571 232 3653 locat,
256 3573 392 3637 vixdum
415 3575 490 3637 satis
514 3574 651 3637 credens
668 3569 880 3637 Hannibalem
896 3595 1068 3658 superasse
1083 3576 1272 3661 Pyrenaeos

103 3689 119 3736 ὅ
139 3669 274 3724 montes.
298 3681 395 3745 quem
416 3668 452 3723 ut
475 3659 515 3722 de
530 3658 680 3724 Rhodani
695 3679 824 3744 quoque
839 3661 974 3723 transitu
990 3663 1111 3743 agitare
1127 3665 1271 3744 animad-

138 3748 243 3824 vertit,
276 3748 426 3822 incertus,
465 3767 604 3830 quonam
638 3747 668 3809 ei
694 3744 767 3810 loco
795 3754 989 3827 occurreret,
1023 3749 1165 3814 necdum
1194 3754 1272 3817 satis

139 3829 267 3895 refectis
295 3830 336 3893 ab
365 3833 536 3895 iactatione
566 3833 725 3894 maritima
756 3827 919 3907 militibus,
952 3840 1113 3899 trecentos
1143 3837 1270 3902 interim

726 4072 746 4100 d
878 4088 888 4099 ι.
914 4088 975 4100 ⁴
