2738 4146
392 147 500 196 mann
518 148 552 198 11.
571 147 646 198 ons.
665 151 707 199 31.
725 150 766 199 aa
781 101 820 216 ia.
837 149 870 199 u.
889 165 911 200 ο.
930 149 1000 218 seq.
1241 117 1282 194 79

99 321 264 410 promissa
286 320 354 383 eius
379 319 541 396 caderent,
573 317 758 404 perpulere,
794 331 830 383 ut
856 320 940 383 forte
972 329 1097 383 temere
1119 321 1152 382 in
1174 319 1231 382 ad-

99 430 214 473 versos
238 415 365 471 montes
388 427 506 489 agmen
529 408 678 489 erigeret.
707 405 740 467 id
764 404 849 469 male
873 407 1081 469 commissum
1103 406 1265 488 ignavia6

99 496 244 559 hostium
266 495 298 554 in
322 491 444 555 bonum
467 493 572 567 vertit,
598 493 662 576 qui,
687 493 877 576 priusquam
897 492 939 554 ad
963 492 1144 556 coniectum
1176 490 1232 555 teli

101 582 278 656 veniretur,
304 577 520 661 obstupefacti
550 578 686 640 audacia
708 577 929 641 Romanorum
950 576 1072 640 relictis
1105 578 1230 656 castris,

101 689 187 753 quac
203 665 425 727 munitissimis
440 674 611 727 tenuerant
631 662 718 742 locis,
741 665 773 726 in
796 685 928 726 aversas
944 662 1046 727 valles
1063 662 1231 745 disilusre3

99 754 157 816 ubi
181 753 258 815 satis
282 749 426 834 praedae
450 759 482 813 et
504 750 641 812 victoria
663 751 831 814 incruenta
853 749 923 812 fuit.

204 837 254 900 Ita
274 836 432 899 trifariam
463 857 499 898 re
532 833 618 897 bello
652 833 734 899 bene
768 846 869 919 gesta,
905 835 946 898 de
979 834 1266 903 domesticarumr

99 946 212 986 rerum
236 932 356 986 eventu
370 943 431 985 nec
453 920 600 1003 patribus
622 943 684 984 nec
706 920 796 1006 plebi
819 943 897 985 cura
920 921 1118 999 decesserat3
1143 929 1232 983 tanta

100 1033 174 1072 cum
197 1009 302 1092 gratia
325 1016 394 1071 tum
417 1015 487 1070 arte
511 1016 787 1092 praeparaverant
808 1007 1037 1088 faeneratores,
1061 1029 1145 1091 quae
1166 1028 1231 1070 non

99 1096 199 1160 modo
233 1093 372 1179 plebem,
410 1093 468 1157 ssd
498 1094 604 1177 ipsum
638 1094 732 1156 etiam
767 1094 957 1156 dictatorem
988 1092 1229 1156 frustrarentur.
1290 1129 1292 1134 v
1362 1155 1365 1160 ,

100 1202 242 1265 namque
267 1178 415 1242 Valerius
449 1188 525 1263 post
546 1179 661 1242 Vetusi
686 1178 825 1243 consulis
848 1180 990 1242 reditum
1013 1180 1153 1242 omnium
1177 1200 1265 1249 ac·8
1359 1182 1361 1185 ’

98 1269 223 1330 tionum
257 1266 290 1329 in
314 1276 427 1328 senatu
453 1267 589 1347 primam
614 1265 729 1328 habuit
750 1288 809 1350 pro
837 1268 962 1328 victore
985 1263 1107 1350 populo
1130 1274 1230 1328 rettu-

98 1353 212 1437 litque,
242 1351 322 1436 quid
338 1351 378 1414 de
394 1355 487 1414 nexis
510 1350 581 1413 fieri
598 1350 752 1436 placeret.
777 1373 950 1436 quaecum
972 1353 1095 1414 reiecta
1116 1351 1230 1415 relatio
1250 1375 1265 1424 9

99 1448 198 1516 esset,
234 1459 318 1512 ,non
350 1435 485 1522 placeo“
519 1439 624 1523 inquit
658 1438 872 1516 „concordiae
904 1448 1031 1518 auctor3
1064 1436 1228 1521 optabitis,

98 1523 336 1602 mediusfidius,
368 1523 571 1608 propediem,
609 1533 645 1585 ut
681 1523 745 1586 mci
781 1522 900 1587 similes
932 1523 1078 1586 Romana
1115 1521 1229 1607 plebes

99 1620 256 1695 patronos
272 1609 400 1673 habeat.
425 1609 514 1694 quod
538 1609 647 1672 adme
664 1610 787 1688 attinet,
810 1630 917 1694 nsque
937 1608 1121 1672 frustrabor
1143 1607 1230 1672 ultra

98 1698 190 1759 cives
214 1717 304 1759 meos
335 1717 441 1779 neque
472 1696 543 1778 ipss
565 1694 687 1758 frustra
709 1695 847 1757 dictator
870 1717 936 1759 ero.
971 1695 1152 1758 discordiae
1183 1696 1228 1757 in·
1239 1708 1271 1755 10

97 1783 247 1852 festinae,
271 1779 393 1844 bellum
418 1789 588 1844 externum
610 1781 728 1862 fecere,
760 1790 797 1843 ut
818 1780 881 1844 hoc
904 1782 1095 1863 magistratu
1117 1791 1230 1863 egeret

98 1890 151 1931 res
177 1864 322 1952 publica,
352 1889 418 1951 pax
438 1866 517 1929 foris
540 1875 635 1951 parta
658 1876 716 1947 est,
752 1866 839 1931 domi
861 1867 1052 1950 impeditur;
1082 1867 1228 1950 privatus

99 1954 208 2039 potius
233 1975 330 2037 quam
354 1953 493 2016 dictator
516 1952 664 2015 seditioni
688 1953 859 2016 interero.“
894 1954 939 2015 ita
963 1953 1052 2015 curia
1075 1974 1225 2034 egressus

101 2040 266 2102 dictatura
289 2061 323 2101 sc
354 2038 529 2104 abdicavit.
563 2061 582 2100 a
608 2039 717 2120 paruit
748 2060 847 2102 causa
873 2036 973 2123 plebi,
1007 2060 1099 2102 suam
1120 2040 1226 2102 vicem
1237 2053 1267 2099 11

100 2125 325 2207 indignantem
349 2126 541 2208 magistratu
563 2062 684 2204 abisse3
716 2125 825 2210 itaque
848 2123 940 2188 velut
962 2123 1130 2209 persoluta
1151 2123 1226 2206 fids,

98 2211 255 2296 quoniam
285 2232 355 2293 per.
377 2232 452 2274 enm
483 2231 548 2273 non
581 2211 730 2290 stetisset,
767 2212 844 2294 quin
866 2220 1096 2296 praestaretur,
1132 2210 1226 2274 dece·

98 2297 230 2360 dentem
256 2296 389 2359 domum
413 2318 486 2359 cum
508 2297 620 2359 favore
643 2317 682 2359 ac
705 2294 855 2359 laudibus
878 2297 1043 2380 prosecuti
1066 2306 1148 2359 sunt.

203 2381 349 2446 XXXII.
382 2382 495 2445 Timor
525 2382 600 2445 inde
631 2391 740 2466 patres
772 2383 912 2458 incessit,
945 2405 996 2463 ne,
1029 2383 1055 2442 si
1079 2381 1263 2445 dimissus1

100 2468 265 2531 exercitus
280 2467 373 2543 foret,
388 2491 501 2531 rursus
518 2476 630 2530 coetus
647 2467 766 2531 occulti
782 2469 1086 2552 coniurationesque
1101 2467 1226 2531 fierent.

97 2555 219 2638 itaque,
253 2575 450 2640 quamquam
481 2576 541 2639 per
570 2554 761 2618 dictatorem
793 2553 929 2617 dilectus
968 2553 1098 2616 habitus
1131 2563 1227 2635 esset,

96 2649 219 2718 tamen,
232 2641 384 2725 quoniam
398 2641 431 2702 in
448 2637 614 2703 consulum
630 2641 734 2703 verba
749 2642 895 2714 iurasset,
910 2648 1112 2702 sacramento
1123 2640 1228 2703 teneri

99 2723 237 2788 militem
259 2727 330 2803 rati,
354 2748 413 2809 per
436 2748 565 2788 causam
588 2727 735 2789 renovati
757 2725 798 2789 ab
811 2724 945 2810 'Aequis
967 2724 1045 2789 belli
1068 2725 1164 2789 educi
1187 2747 1229 2790 ex

98 2810 182 2874 urbe
206 2810 350 2893 legiones
383 2813 517 2875 iussere.
551 2833 615 2897 quo
646 2813 731 2875 facto
763 2822 926 2875 maturata
957 2823 1006 2876 est
1035 2811 1161 2875 seditio.
1195 2821 1263 2877 eta

96 2898 206 2981 primo
230 2899 386 2980 agitatum
409 2898 526 2961 dicitur
549 2898 589 2961 de
622 2896 790 2960 consulum
814 2899 924 2977 caede,
958 2908 996 2961 ut
1024 2896 1227 2961 solverentur

99 2993 319 3063 sacrament03
344 2984 456 3047 doctos
473 2983 590 3047 deinde
605 2983 724 3046 nullam
743 2983 868 3047 scelere
884 2982 1074 3067 religionem
1091 2981 1225 3064 exsolvi,

97 3068 219 3133 Sicinio
236 3069 377 3152 quodam
393 3080 525 3133 auctore
547 3071 671 3133 iniussu
694 3069 861 3133 consulum
877 3071 909 3132 in
926 3070 1061 3133 Sacrum
1084 3078 1226 3132 montem

96 3156 273 3219 secessisse
299 3191 334 3201 —
360 3165 450 3220 trans
464 3155 625 3219 Anienem
648 3178 776 3219 amnem
800 3166 858 3236 est,
882 3157 945 3218 tria
968 3155 1008 3219 ab
1032 3156 1114 3218 urbe
1138 3154 1226 3217 milia

94 3261 266 3325 passuum3
300 3263 338 3304 ea
359 3242 560 3326 frequentior
582 3243 669 3304 fama
691 3252 741 3305 est
763 3264 869 3326 quam,
894 3242 983 3305 cuius
1016 3241 1090 3305 Piso
1113 3249 1227 3304 auctor
1247 3261 1261 3308 3

96 3336 155 3404 est,
179 3327 213 3389 in
229 3327 430 3391 Aventinum
453 3330 668 3392 secessionem
685 3327 806 3390 factam
831 3349 901 3390 esse
918 3347 972 3405 -3
997 3327 1042 3390 ibi
1066 3328 1135 3390 sine
1157 3325 1223 3390 ullo

95 3413 179 3476 duce
201 3410 289 3476 vallo
312 3413 464 3499 fossaque
493 3416 697 3477 communitis
722 3414 834 3476 castris
858 3413 970 3498 quieti,
1002 3436 1072 3476 rem
1103 3410 1262 3482 nullam4

92 3499 154 3562 nisi
170 3501 390 3562 necessariam
406 3500 448 3563 ad
463 3501 585 3563 victum
608 3500 776 3582 sumendo,
799 3521 861 3585 per
876 3498 1000 3584 aliquot
1024 3499 1093 3566 dies
1116 3520 1225 3585 neque

84 3581 238 3648 'lacessiti
270 3606 376 3670 nequo
409 3585 607 3650 lacessentes
640 3608 711 3649 sese
743 3595 886 3649 tenuere.
920 3606 1023 3669 pavor
1054 3586 1168 3668 ingens
1191 3585 1260 3657 ins

91 3669 185 3752 urbe,
208 3679 363 3757 metuque
386 3680 498 3736 mutuo
522 3694 682 3756 suspensa
706 3681 798 3735 erant
821 3672 936 3735 omnia.
971 3672 1092 3734 timere·
1109 3669 1224 3734 relicta

88 3755 132 3820 ab
156 3756 223 3820 suis
246 3755 361 3841 plebes
380 3755 568 3822 violentiam
590 3766 735 3843 patrum3
759 3759 876 3822 timore
890 3766 1009 3845 patres
1027 3756 1184 3819 residem
1197 3756 1246 3844 'm

87 3841 172 3906 urbe
186 3840 328 3928 plebem,
349 3844 475 3927 incerti,
491 3866 626 3912 manere
644 3868 719 3913 eam
737 3869 780 3912 an
797 3845 892 3912 abire
914 3843 1072 3909 mallent.
1097 3834 1272 3923 quamdin
1289 3852 1313 3893 s
