2738 4146
88 137 149 194 110
347 149 455 199 muna
473 147 545 198 xxr.
565 147 641 198 cnr.
664 148 688 197 a.
707 147 733 197 a
750 149 775 197 4.
797 145 830 212 [a
848 144 881 196 u.
900 161 923 195 ο.
942 143 1012 213 saq.

139 329 212 385 octo
236 320 338 384 ferme
360 341 462 383 annos
478 319 650 403 imperium
665 317 812 400 obtinuit,
834 315 914 380 flore
930 316 1056 396 aetatis,
1078 315 1128 382 uti
1149 315 1267 400 ferunt,

103 408 243 491 aprime
269 405 446 468 Hamilcari
479 403 677 487 conciliatus,
709 424 811 488 gener
841 404 918 466 inde
941 402 982 467 ob
1006 401 1104 467 aliam
1126 401 1269 468 indolem
1300 425 1304 431 ·

138 492 285 577 profecto
302 493 400 554 animi
416 491 558 555 adscitus
575 500 617 574 et,
634 491 710 576 quia
725 511 827 572 gener
843 500 921 572 erat,
944 488 1093 553 factionis
1109 488 1269 553 Barcinae

140 578 266 663 opibus,
301 599 383 664 quae
415 576 503 662 apud
525 577 643 640 milites
674 575 871 661 plebemque
900 573 974 661 plus
999 596 1098 659 quam
1119 576 1269 641 modicae

139 673 239 747 erant,
272 661 359 725 haud
394 685 471 726 sane
493 662 659 727 voluntate
688 661 872 747 principum
902 662 935 723 in
968 663 1105 745 imperio
1130 662 1266 747 positus.

101 752 165 823 sis
189 748 282 835 plura
305 749 437 813 consilio
462 770 559 833 quam
581 750 615 813 vi
637 770 753 832 gerens
776 746 925 832 hospitiis
953 748 1056 831 magis
1079 746 1268 830 regulorum

139 835 414 920 conciliandisque
429 858 490 921 per
504 834 678 898 amicitiam
695 834 877 918 principum
892 834 986 897 novis
1002 833 1156 917 gentibus
1172 855 1268 918 quarn

102 935 118 982 6
140 920 225 985 bello
248 931 306 985 aut
327 923 424 985 armis
446 943 515 984 rem
540 918 841 1003 Carthaginiensem
865 921 965 983 auxit.
998 928 1145 984 ceterum
1168 919 1268 984 nihilo

140 1008 169 1071 ei
191 1030 258 1092 pax
289 1008 390 1070 tutior
411 1008 486 1071 fuit:
523 1005 683 1070 barbarus
715 1028 790 1070 eum
823 1007 956 1091 quidam
987 1004 1096 1091 palam
1121 1006 1163 1070 ob
1188 1007 1268 1070 iram

138 1093 297 1158 interfecti
335 1092 376 1156 ab
417 1115 454 1157 eo
494 1091 616 1156 domini
654 1091 877 1172 obtruncavit3
920 1113 1190 1176 conprensusque
1228 1091 1268 1156 ab

140 1179 421 1243 circumstantibus
450 1178 537 1242 haud
571 1177 644 1262 alic,
677 1200 774 1264 quam
806 1179 833 1240 si
866 1180 1033 1260 evasisset,
1067 1176 1171 1261 vultu,
1204 1188 1268 1242 tor·

138 1265 254 1329 mentis
278 1286 406 1351 quoque
423 1287 495 1328 cum
510 1263 720 1347 laceraretur,
745 1286 783 1328 eo
801 1263 860 1327 fuit
884 1262 998 1327 babitu
1015 1265 1090 1347 oris,
1113 1273 1151 1328 ut
1175 1287 1269 1350 supe-

103 1368 118 1414 7
139 1360 231 1414 rante
246 1349 371 1414 laetitia
386 1350 514 1415 dolores
536 1350 671 1414 ridentis
694 1351 791 1413 etiam
806 1350 949 1432 speciem
971 1349 1171 1433 praebuerit.
1197 1372 1270 1415 curn

87 1470 89 1475 ·
139 1437 202 1501 hoc
225 1435 445 1519 Hasdrubale,
478 1437 554 1522 quia
576 1437 677 1499 mirae
708 1437 787 1499 artis
819 1436 852 1498 in
875 1435 1088 1500 sollicitandis
1102 1435 1265 1520 gentibus

139 1523 341 1608 imperioque
357 1545 414 1586 suo
430 1522 602 1606 iungendis
617 1522 733 1604 fuerat,
756 1521 871 1585 foedus
894 1532 1113 1586 renovaverat
1128 1522 1269 1606 populus

139 1609 313 1690 Romanus,
343 1617 379 1671 ut
408 1608 480 1672 finis
508 1609 678 1691 utriusque
702 1607 830 1692 imperii
859 1616 948 1671 esset
977 1608 1081 1672 amnis
1113 1607 1269 1693 Hiberus,

141 1695 392 1780 Saguntinisque
429 1695 545 1758 mediis
582 1695 667 1758 inter
703 1694 842 1778 imperia
886 1694 1026 1758 duorum
1070 1693 1270 1780 populorum

138 1780 272 1845 libertas
295 1790 490 1844 servaretur.

105 1886 119 1933 1
179 1938 189 1955 Ι
241 1865 302 1929 ΙΙΙ.
325 1865 364 1929 In
387 1864 604 1929 Hasdrubalis
633 1863 742 1929 locum
774 1864 863 1928 haud
898 1865 998 1929 dubia
1020 1887 1074 1929 res
1096 1865 1168 1949 fuit,
1216 1868 1270 1932 uin

138 1953 400 2037 praerogativam
422 1950 603 2032 militarem,
628 1972 693 2037 qua
712 1949 876 2035 extemplo
898 1951 1025 2016 iuvenis
1047 1890 1270 2018 Hannibalis

139 2040 338 2122 praetorium
366 2036 491 2101 delatus
521 2039 766 2123 imperatorque
796 2038 919 2120 ingenti
952 2039 1095 2102 omniurn
1128 2037 1271 2105 clamore

105 2133 237 2209 satque
253 2124 395 2187 adsensu
411 2122 594 2208 appellatus
617 2133 695 2205 erat,
718 2123 812 2186 favor
849 2122 932 2187 lebis
956 2132 1159 2210 sequeretur.
1184 2124 1272 2190 hunc

139 2211 274 2274 vixdum
290 2209 449 2296 puberem
464 2208 651 2273 Hasdrubal
667 2208 782 2273 litteris
799 2147 847 2271 ad
857 2231 892 2273 se
907 2211 1115 2293 accersierat,
1132 2221 1272 2299 actaque

139 2319 193 2360 res
209 2297 305 2359 etiarn
326 2297 359 2358 in
375 2305 488 2359 senatu
504 2295 618 2358 fuerat.
635 2295 782 2358 Barcinis
797 2295 985 2380 nitentibus,
1008 2304 1045 2360 ut
1060 2296 1273 2362 adsuesceret

140 2381 274 2446 militiae
291 2380 454 2445 Hannibal
472 2391 570 2466 atque
592 2383 624 2444 in
647 2390 801 2467 paternas
824 2382 1018 2446 succederet
1033 2404 1124 2467 opes,
1141 2383 1271 2467 Hanno,

105 2467 273 2539 aalterius
306 2468 456 2531 factionis
490 2469 650 2553 princeps,
688 2477 740 2552 ,et
762 2488 904 2553 aequum
925 2467 1092 2552 postulare
1118 2468 1271 2534 videtur“

139 2555 243 2640 inquit
268 2552 487 2637 „Hasdrubal
519 2564 551 2617 et
583 2575 644 2636 ego
676 2561 786 2617 tamen
808 2574 873 2617 non
896 2576 1024 2633 censeo,
1057 2555 1146 2640 quod
1180 2558 1273 2642 petit,

105 2665 122 2712 4
139 2640 357 2704 tribuendum.
381 2662 422 2703 an
438 2640 500 2703 hoc
517 2641 677 2721 timemus,
700 2661 741 2703 ne
762 2638 958 2704 Hamilcaris
972 2639 1057 2704 filius
1079 2642 1177 2718 nimis
1200 2663 1272 2708 sero

139 2727 276 2808 imperia
297 2726 470 2788 immodica
498 2735 530 2788 et
551 2726 642 2808 regni
665 2726 792 2808 paterni
808 2727 950 2809 speciem
969 2726 1090 2809 videat,
1115 2737 1157 2811 et,
1182 2731 1273 2794 cuius

141 2812 227 2893 regis
250 2832 371 2894 genero
406 2811 594 2875 hereditarii
627 2812 689 2875 sint
722 2809 827 2876 relicti
861 2814 1024 2877 exercitus
1055 2815 1169 2898 nostri,
1205 2817 1273 2879 eius

108 2896 207 2972 5filio
231 2918 348 2979 parum
378 2907 505 2960 mature
538 2896 741 2961 serviamus?
775 2918 836 2980 ego
868 2899 967 2962 istum
997 2899 1151 2964 iuvenem
1184 2901 1273 2967 domi

141 2983 319 3047 tenendum
342 2981 402 3046 sub
425 2981 562 3066 legibus,
586 2982 646 3046 sub
670 2982 912 3066 magistratibus
945 2984 1129 3050 docendum
1160 2989 1274 3052 vivere

142 3091 247 3155 aequo
272 3069 343 3132 iure
378 3090 450 3131 cum
474 3069 592 3133 ceteris
614 3090 743 3152 censeo,
776 3090 818 3132 ne
842 3072 1039 3156 quandoque
1070 3093 1197 3156 parvus
1219 3074 1273 3138 hic

142 3157 225 3241 ignis
247 3154 435 3218 incendium
457 3155 571 3237 ingens
595 3153 802 3220 exsuscitet“.
1266 3224 1269 3231 ,

102 3271 113 3321 1
244 3241 304 3305 IV.
329 3241 429 3304 Pauci
453 3240 616 3314 acferme
645 3241 786 3326 optimus
819 3243 958 3328 quisque
980 3241 1135 3308 Hannoni
1158 3246 1272 3312 adsen-

141 3328 322 3408 tiebantur3
360 3328 429 3402 sed,
468 3336 504 3390 ut
535 3326 728 3412 plerumque
765 3326 811 3406 fit,
854 3331 957 3392 maior
993 3352 1069 3415 pars
1106 3331 1273 3398 meliorem

141 3415 229 3479 vicit.
263 3414 383 3476 Missus
408 3412 573 3477 Hannibal
596 3414 629 3477 in
652 3413 844 3498 Hispaniam
867 3415 973 3500 primo
997 3418 1106 3480 statim
1131 3418 1274 3485 adventu

106 3516 272 3564 aomnem
312 3501 492 3563 exercitum
530 3500 563 3561 in
596 3520 630 3562 se
663 3500 838 3563 convertit:
873 3501 1092 3566 Hamilcarem
1123 3505 1274 3572 iuvenem

143 3587 307 3650 redditum
343 3585 405 3649 sibi
430 3594 559 3648 veteres
582 3584 700 3647 milites
725 3585 874 3666 credere3
908 3582 1047 3652 eunde'm
1070 3590 1219 3675 vigorem
1241 3592 1274 3656 in

143 3671 235 3737 vultu
258 3671 390 3756 vimque
413 3671 446 3734 in
470 3669 584 3750 oculis,
609 3670 755 3734 habitum
779 3673 844 3736 oris
867 3671 1130 3761 lineamentaque
1146 3678 1272 3743 intueri.

144 3758 219 3822 dein
241 3758 336 3822 brevi
360 3757 475 3837 effecit,
508 3765 544 3820 ut
578 3765 672 3841 pater
703 3758 734 3820 in
758 3780 793 3821 se
818 3759 985 3823 minimum
1008 3772 1210 3829 momentum
1232 3763 1273 3829 ad

101 3844 288 3909 staverem
315 3841 550 3908 conciliandum
574 3852 670 3906 esset.
707 3865 886 3929 numquam
917 3847 1083 3930 ingenium
1114 3850 1205 3915 idem
1231 3849 1272 3915 ad
