2738 4146
379 151 488 202 niens
504 151 526 202 1.
546 151 621 202 cnr.
639 154 682 202 41.
700 155 742 204 aa.
763 151 795 220 [a.
814 153 847 204 u,
866 169 888 203 ο.
907 153 1061 222 trs-ano]⁸
1262 141 1301 200 37
1350 156 1357 163 ·

117 326 178 411 qui
201 322 323 388 clarum
345 321 410 386 hoc
432 322 502 386 fore
525 332 623 408 caput
647 322 755 387 divino
780 325 944 410 quondam
968 324 1160 390 circumfuso
1184 326 1251 411 igni

122 411 370 496 portenderunt.
405 429 491 472 nunc
522 418 554 473 te
587 407 642 471 illa
676 408 823 473 caelestis
847 412 968 473 excitet
990 407 1131 493 flamma,
1166 433 1252 475 nunc

118 496 353 582 expergiscere
376 516 464 559 vere.
498 502 531 557 et
563 516 622 558 nos
656 497 821 581 peregrini
854 497 1075 580 regnavimus3
1111 498 1166 582 qui
1198 499 1250 580 sis,

119 606 187 647 non
203 581 291 644 unde
307 589 401 644 natus
416 581 470 662 sis,
493 590 618 666 reputa.
643 582 669 643 si
697 591 752 645 tua
775 603 810 645 re
826 581 934 645 subita
955 580 1088 645 consilia
1110 591 1251 669 torpent,

119 679 156 732 at
177 678 215 731 tu
237 689 309 731 mea
332 665 466 731 consilia
488 667 655 751 sequere.“
682 688 754 730 cum
778 665 901 731 clamor
916 671 1121 753 impetusque
1143 668 1250 733 multi·
1272 690 1288 736 4

119 753 242 818 tudinis
274 753 332 817 vix
354 753 504 816 sustineri
520 760 642 837 posset,
667 774 709 816 ex
732 754 899 838 superiore
946 764 1014 817 arte
1039 753 1167 817 aedium
1191 776 1252 841 pcr

119 841 281 904 fenestras
304 838 337 900 in
359 836 485 902 Novam
509 839 596 901 viam
619 860 731 902 versas
754 875 796 886 —
819 777 988 903 habitabat
1020 840 1104 903 enim
1126 862 1188 904 rex
1209 840 1252 904 ad

121 926 211 990 Iovis
234 924 372 988 Statoris
397 960 432 968 ψ
458 922 617 1009 populum
640 923 801 1010 Tanaquil
829 924 1024 1011 adloquitur.
1052 925 1143 990 iubet
1164 926 1287 996 bonos

121 1013 231 1075 animo
258 1031 343 1074 esse:
367 1009 509 1094 sopitum
524 1010 623 1074 fuisse
645 1032 756 1093 regem
780 1011 887 1076 subito
912 1013 994 1092 ictu;
1016 1010 1139 1075 ferrum
1161 1011 1251 1077 haud

118 1095 188 1162 alte
211 1097 386 1181 incorpus
411 1095 637 1176 descendisse3
668 1097 731 1159 iam
766 1097 805 1159 ad
842 1119 877 1161 se
899 1097 1038 1177 redisse3
1069 1098 1250 1183 inspectum

123 1182 241 1247 vulnus
258 1181 406 1245 absterso
423 1202 554 1263 cruore;
574 1182 682 1246 omnia
697 1180 841 1246 salubria
856 1203 942 1264 esse3
966 1182 1129 1247 confidere
1145 1206 1250 1270 prope

121 1269 211 1332 diem
234 1268 342 1353 ipsum
366 1289 421 1331 eos
437 1268 577 1348 visuros;
600 1268 727 1331 interim
754 1267 867 1332 Servio
883 1267 989 1333 Tullio
1009 1269 1123 1333 iubere
1146 1293 1250 1355 popu-

70 1412 72 1416 ,
121 1354 190 1418 lum
208 1354 293 1417 dicto
309 1352 494 1417 audientem
512 1373 598 1433 esse3
622 1376 696 1419 eum
718 1355 789 1417 iura
804 1355 1005 1418 redditurum
1022 1354 1250 1442 obiturumque
1270 1379 1285 1427 c

120 1440 187 1504 alia
212 1440 300 1522 regis
332 1439 442 1502 munia
474 1460 556 1503 esse.
596 1438 730 1516 Servius
767 1462 837 1503 cum
870 1441 985 1505 trabea
1019 1451 1051 1504 et
1082 1439 1249 1505 lictoribus

122 1525 234 1613 prodit
255 1546 294 1589 ac
317 1524 396 1589 sede
412 1525 503 1608 regia
526 1525 642 1589 sedens
666 1524 729 1588 alia
753 1527 906 1606 decernit,
931 1527 972 1590 de
995 1525 1064 1590 aliis
1088 1527 1250 1590 consultu-

21 1667 24 1671 .
122 1634 195 1675 rum
219 1633 254 1674 se
276 1631 389 1694 regem
422 1619 495 1674 esse
517 1609 657 1674 simulat.
694 1612 804 1698 itaque
826 1634 887 1697 per
920 1611 1042 1698 aliquot
1066 1612 1144 1694 diss,
1176 1635 1249 1676 cum

121 1698 186 1761 iam
203 1697 402 1782 exspirasset
416 1695 621 1782 Tarquinius,
646 1694 750 1760 celata
765 1707 868 1761 morte
892 1721 952 1783 per
968 1698 1112 1783 speciem
1126 1697 1250 1762 alienae

121 1783 307 1867 fungendae
322 1782 402 1846 vicis
418 1805 493 1846 suas
509 1805 588 1868 opes
604 1783 753 1846 firmavit.
776 1791 843 1847 tum
861 1783 989 1846 demum
1007 1783 1114 1870 palam
1131 1785 1248 1847 factum

120 1878 174 1933 est
212 1866 454 1953 conploratione
487 1869 520 1931 in
550 1869 640 1952 regia
671 1878 750 1932 orta.
795 1868 927 1934 Servius
960 1871 1123 1954 praesidio
1156 1868 1248 1934 firmo

122 1955 266 2018 munitus
291 1955 416 2039 primus
446 1954 571 2018 iniussu
594 1953 708 2039 populi
730 1952 896 2019 voluntate
929 1967 1057 2040 patrum
1091 1958 1246 2039 regnavit.

120 2040 206 2105 Anci
229 2038 324 2103 liberi
345 2040 409 2103 iam
431 2047 510 2121 tum,
535 2041 723 2126 conprensis
748 2039 880 2111 sceleris
904 2042 1067 2122 ministris,
1083 2050 1120 2103 ut
1135 2041 1283 2105 viveret

123 2148 234 2210 rogem
258 2136 291 2188 et
312 2134 416 2189 tantas
451 2146 524 2190 esse
558 2147 637 2210 opes
662 2125 755 2190 Servi
788 2128 969 2190 nuntiatum
1004 2135 1063 2211 est,
1094 2125 1248 2192 Suessam

121 2212 304 2276 Pometiam
327 2210 494 2275 exulatum
516 2211 630 2275 ierant.
1091 2215 1093 2218 ’

226 2296 331 2360 XLlI.
344 2295 484 2360 Neciam
501 2296 640 2383 publicis
657 2299 760 2380 magis
776 2298 915 2362 consiliis
930 2297 1062 2362 Seruius
1076 2319 1172 2382 quam
1184 2297 1248 2380 pri-
1270 2312 1283 2358 1

122 2383 206 2447 vatis
223 2383 347 2447 munire
364 2404 453 2467 opes,
465 2391 497 2447 et
512 2406 562 2465 ne,
574 2383 677 2470 qualis
694 2384 777 2446 Anci
787 2382 926 2448 liberum
942 2385 1068 2447 animus
1092 2382 1249 2447 adversus

120 2469 335 2554 Tarquinium
351 2468 465 2545 fuerat,
490 2467 564 2532 talis
580 2470 737 2534 adversus
759 2491 794 2533 se
810 2469 966 2555 Tarquini
989 2467 1128 2532 liberum
1153 2477 1248 2549 esset,

123 2555 203 2618 duas
226 2553 308 2619 filias
330 2553 500 2618 iuvenibus
523 2556 630 2638 regiis,
654 2555 758 2618 Lucio
782 2563 880 2641 atque
897 2555 1031 2618 Arrunti
1053 2555 1248 2640 Tarquiniis,

123 2641 239 2723 iungit3
271 2662 333 2704 nec
354 2641 443 2726 rupit
465 2649 573 2704 tamen
596 2641 653 2704 sati
675 2642 901 2705 necessitatem
924 2640 1073 2704 humanis
1097 2639 1248 2723 consiliis,
1270 2653 1285 2702 2

123 2726 201 2812 quin
216 2725 339 2790 invidia
360 2727 452 2809 regni
467 2727 562 2790 etiam
586 2728 671 2790 inter
687 2727 882 2792 domesticos
905 2725 1006 2790 infida
1021 2727 1129 2790 omnia
1152 2735 1249 2812 atque

120 2812 241 2876 infesta
273 2811 403 2876 faceret.
436 2824 681 2898 peropportune
705 2813 745 2876 ad
771 2813 952 2899 praesentis
976 2813 1116 2899 quietem
1147 2821 1249 2876 status

121 2896 244 2961 bellum
279 2919 352 2961 cum
375 2895 567 2962 Veientibus
593 2899 718 2961 -iam
751 2899 835 2962 enim
869 2899 1014 2962 indutiae
1037 2899 1186 2962 exierant
1208 2934 1249 2944 -

122 2982 259 3068 aliisque
282 2983 428 3047 Etruscis
451 2992 625 3067 sumptum.
654 2985 687 3047 in
711 3006 749 3048 co
772 2983 858 3048 bello
883 2993 915 3047 et
937 2986 1040 3048 virtus
1064 2993 1097 3047 et
1120 2983 1249 3048 fortuna
1272 2999 1286 3047 3

121 3070 237 3132 enituit
258 3067 359 3150 Tulli;
382 3069 519 3156 fusoque
541 3070 663 3154 ingenti
684 3068 827 3134 hostium
851 3071 996 3133 exercitu
1018 3069 1105 3134 haud
1131 3068 1248 3133 dubius

119 3177 190 3231 rex,
222 3175 281 3218 seu
303 3164 433 3241 patrum
456 3178 514 3219 seu
546 3155 653 3242 plebis
685 3156 807 3220 animos
829 3154 1079 3241 periclitaretur,
1112 3155 1248 3218 Romam

119 3240 226 3305 rediit.
250 3239 439 3324 adgreditur
463 3263 504 3306 ue
527 3241 602 3305 inde
618 3241 660 3304 ad
678 3242 769 3327 pacis
782 3239 878 3326 longe
901 3243 1112 3304 maximumo
1138 3262 1186 3320 us,
1203 3249 1246 3319 ut,
1269 3258 1286 3304 t

119 3348 217 3412 quem
240 3325 282 3390 ad
298 3326 430 3391 modum
441 3265 553 3391 lluma
569 3326 668 3391 divini
679 3337 791 3391 auctor
806 3328 884 3390 iuris
899 3327 1021 3408 fuisset,
1038 3328 1083 3390 ita
1123 3327 1247 3390 ervium

117 3411 1249 3499 conditorcmomnisincivitatediscriminisordinumque,quibusinter

116 3498 237 3582 gradus
261 3498 426 3582 dignitatis
441 3498 656 3585 fortunaeque
677 3498 798 3585 aliquid
820 3498 1001 3582 interlucet,
1024 3499 1147 3584 posteri
1162 3497 1248 3561 fama

116 3586 246 3649 ferrent.
266 3586 493 3649 censumenim
509 3585 658 3666 instituit,
678 3607 747 3648 rem
768 3584 1014 3650 saluberrimam
1031 3593 1120 3648 tanto
1138 3583 1246 3648 futuro
1270 3600 1286 3649 o

115 3668 266 3755 imperio,
285 3691 328 3732 ex
344 3691 408 3756 quo
424 3669 501 3737 belli
515 3671 670 3758 pacisque
682 3671 791 3734 munia
807 3691 869 3734 non
886 3671 1017 3751 viritim,
1033 3679 1068 3733 ut
1085 3679 1169 3752 ante,
1188 3668 1247 3733 sed

115 3776 174 3902 pro
207 3755 320 3820 habitu
347 3757 558 3841 pecuniarum
580 3756 709 3837 tierent3
732 3765 801 3821 tum
819 3755 940 3821 classes
964 3755 1192 3841 centuriasque
1217 3763 1249 3819 et

138 3863 200 3906 uno
223 3841 370 3907 ordinem
394 3863 436 3907 ex
451 3864 551 3909 censu
568 3843 733 3928 discripsit
747 3840 801 3906 vel
815 3841 890 3929 paci
907 3840 1064 3908 decorum
1077 3839 1135 3906 rel
1150 3839 1261 3902 bello.
