2738 4146
387 115 497 164 urana
516 115 536 165 1.
556 116 631 166 cue.
651 120 693 167 aa.
712 120 754 168 so.
774 116 808 185 [a.
826 117 860 168 1.
879 133 902 168 0.
921 116 991 185 2441.
1237 85 1284 162 51¹

93 285 216 350 deinde
243 286 396 371 inpudica
417 286 591 351 Lucretiae
615 286 766 374 exemplo
789 290 911 354 vivet.“
945 287 1095 369 cultrum,
1128 311 1226 374 quem
1247 307 1263 356 9

95 373 155 436 sub
173 381 266 435 veste
281 371 428 436 abditum
445 373 597 455 babebat,
622 397 696 438 eum
711 377 745 438 in
761 375 860 439 corde
877 374 989 458 defigit
1004 374 1225 461 prolapsaque

95 461 128 522 11
151 457 270 522 vulnus
293 458 490 522 moribunda
513 459 640 523 cecidit.
665 459 847 525 conclamat
869 462 920 524 vir
942 456 1111 548 paterque.
1245 465 1279 516 10

70 563 106 601 x
199 543 289 608 LIX.
314 545 434 608 Brutus
465 543 528 609 illis
551 544 640 609 luctu
672 549 838 632 occupatis
861 546 1001 610 cultrum
1025 547 1259 620 1111111111

96 631 273 695 Lucretiae
297 641 478 694 extractum
494 642 679 696 manantem
699 655 814 697 cruore
836 655 916 718 prae
938 656 973 697 se
996 643 1120 716 tenens,
1146 655 1226 719 „per

96 717 202 781 hunc“
227 719 332 802 inquit
355 717 591 797 „castissimum
619 729 694 783 ante
716 720 840 802 regiam
862 720 1009 783 iniuriam
1035 720 1224 802 sanguinem

96 806 168 867 iuro
191 825 328 888 vosque,
352 803 406 884 dii,
439 812 539 867 testes
561 803 644 868 facio
668 827 719 867 me
741 805 780 868 L.
804 805 1016 891 Tarquinium
1040 805 1226 890 Superbum

98 912 172 954 cum
196 889 352 952 scelerata
376 889 513 974 coniuge
537 899 569 954 et
592 893 680 955 omni
701 889 878 955 liberorum
902 893 1005 976 stirpe
1026 891 1124 972 ferro,
1148 893 1224 975 igni,

99 998 303 1060 quacumque
336 975 475 1059 denique
506 976 540 1038 vi
574 978 706 1060 possim,
739 988 930 1042 exacturum
962 1000 1024 1041 nec
1059 976 1131 1041 illos
1164 1000 1225 1043 nec

98 1062 197 1124 alium
214 1083 412 1147 quemquam
426 1083 563 1141 regnare
585 1062 708 1126 Romae
723 1063 926 1148 passurum.“
944 1062 1084 1127 cultrum
1107 1064 1225 1127 deinde
1245 1070 1261 1118 ²

99 1147 271 1213 Conlatino
287 1148 396 1230 tradit,
418 1148 496 1210 inde
513 1148 666 1213 Lucretio
690 1171 728 1212 ac
744 1148 884 1230 Valerio,
908 1149 1114 1235 stupentibus
1129 1151 1225 1213 mira-

98 1235 172 1297 culo
195 1239 252 1315 rei,
276 1235 362 1296 unde
384 1256 504 1298 novum
532 1235 564 1297 in
587 1233 680 1298 Bruti
704 1245 835 1320 pectore
865 1237 1040 1321 ingenium.
1072 1246 1111 1299 ut
1132 1258 1225 1321 prae-

96 1330 228 1406 ceptum
253 1329 331 1399 erat,
354 1320 475 1399 iurant;
500 1321 624 1406 totique
647 1321 688 1384 ab
711 1320 801 1385 luctu
814 1325 902 1387 versi
924 1323 956 1384 in
977 1323 1071 1402 iram,
1089 1321 1226 1386 Brutum

95 1407 159 1469 iam
171 1406 246 1469 inde
256 1406 299 1469 ad
309 1405 562 1492 expugnandum
578 1429 715 1490 regnum
726 1417 899 1472 vocantem
911 1415 1091 1493 sequuntur
1098 1407 1223 1472 ducem.
1235 1398 1241 1416 ¹

95 1492 217 1557 elatum
240 1493 336 1555 domo
359 1493 532 1556 Lucretiae
556 1514 674 1577 corpus
697 1494 728 1556 in
752 1493 859 1558 forum
881 1494 1030 1558 deferunt
1061 1494 1223 1558 concient-
1243 1501 1259 1548 3

95 1601 161 1664 que
183 1577 348 1652 miraculo,
378 1588 414 1642 ut
435 1577 482 1656 fit,
514 1579 563 1642 rei
584 1600 689 1644 novae
711 1589 810 1665 atque
840 1580 1032 1664 indignitate
1064 1579 1223 1644 homines.

95 1688 155 1750 pro
180 1666 369 1750 aequisque
393 1664 500 1728 scelus
515 1665 641 1746 regium
658 1687 697 1729 ac
712 1667 779 1729 vim
802 1674 993 1752 queruntur.
1018 1675 1129 1730 movet
1151 1675 1259 1730 11114

95 1751 198 1836 patris
221 1751 401 1829 maestitia,
433 1760 502 1814 tum
525 1750 646 1814 Brutus
680 1753 855 1833 castigator
884 1751 1091 1816 lacrimarum
1126 1761 1225 1836 atque

94 1837 247 1900 inertium
270 1835 488 1922 querellarum
512 1846 699 1922 auctorque,
724 1837 811 1923 quod
833 1839 931 1919 viros,
956 1839 1044 1923 quod
1059 1837 1247 1902 Romanos·

96 1923 239 2002 deceret,
262 1944 353 1985 arma
376 1922 525 2007 capiendi
547 1923 704 1986 adversus
727 1923 856 1988 hostilia
875 1946 982 1988 ausos.
1006 1922 1259 1988 11111111111116

94 2009 235 2094 quisque
257 2009 412 2073 iuvenum
434 2030 509 2072 cum
536 2012 632 2073 armis
655 2009 858 2073 voluntarius
880 2011 989 2091 adest3
1022 2010 1169 2094 sequitur
1192 2019 1224 2074 et

95 2105 205 2159 cetera
228 2094 391 2158 iuventus.
414 2094 490 2158 inde
508 2104 605 2243 parte
621 2096 783 2180 praesidio
805 2094 921 2161 relicta
936 2093 1095 2160 Collatiae
1119 2105 1223 2160 custo·

95 2181 258 2267 dibusque
291 2182 331 2244 ad
366 2190 477 2265 portas
522 2182 632 2260 ocatis,
665 2204 706 2244 ne
738 2182 811 2267 quis
844 2205 917 2246 eum
939 2192 1063 2245 motum
1090 2181 1223 2264 regibus
1276 2224 1277 2228 =

92 2267 267 2342 nuntiaret,
292 2269 392 2331 ceteri
414 2267 530 2330 armati
553 2267 635 2331 duce
650 2266 753 2331 Bruto
776 2268 913 2331 Romam
932 2267 1080 2352 profecti.
1104 2268 1161 2331 ubi
1184 2278 1259 2332 eoo

93 2363 231 2417 ventum
254 2363 313 2427 est,
338 2375 545 2439 quacumque
567 2353 688 2418 incedit
711 2363 835 2417 armata
858 2352 1040 2427 multitudo,
1064 2376 1221 2438 pavorem

92 2462 132 2502 ac
164 2437 337 2503 tumultum
370 2439 460 2517 faoit3
499 2462 610 2503 rursus
641 2440 698 2503 ubi
728 2441 855 2504 ,anteire
885 2442 1046 2525 primores
1080 2441 1222 2503 civitatis

91 2525 216 2604 vident,
240 2526 400 2610 quidquid
425 2526 474 2603 sit,
500 2524 587 2588 haud
608 2536 732 2589 temere
756 2546 828 2590 esse
849 2535 970 2590 rentur.
987 2547 1048 2589 nec
1064 2527 1220 2589 minorem
1244 2537 1259 2585 7

90 2621 217 2675 motum
240 2612 420 2675 animorum
441 2611 563 2675 Romae
596 2620 663 2674 tam
695 2623 789 2674 atrox
822 2633 875 2676 res
908 2610 995 2684 facit,
1028 2633 1125 2697 quam
1150 2609 1222 2675 Col-

90 2697 191 2762 latiae
212 2697 345 2761 fecerat.
370 2719 449 2782 ergo
466 2720 508 2761 ex
525 2699 674 2760 omnibus
689 2696 769 2761 locis
785 2698 876 2762 urbis
892 2697 925 2760 in
939 2696 1046 2760 forum
1072 2700 1221 2761 curritur.

89 2803 157 2868 quo
168 2781 263 2847 simul
274 2793 479 2857 ventumst,
497 2805 616 2869 praeco
633 2783 673 2846 ad
686 2783 851 2863 tribunum
867 2783 1019 2860 celerum,
1035 2785 1067 2846 in
1078 2806 1141 2869 quo
1152 2792 1223 2847 tum

89 2870 283 2953 magistratu
297 2868 382 2933 forte
392 2868 513 2933 Brutus
530 2879 607 2946 erat,
626 2868 786 2954 populum
795 2871 978 2934 advocavit.
995 2869 1040 2934 ibi
1052 2872 1153 2934 oratio
1165 2870 1221 2933 ha·
1242 2882 1258 2931 8

89 2955 161 3018 bita
176 2978 383 3040 nequaquam
406 2957 473 3020 eius
496 2957 638 3040 pectoris
653 2957 849 3042 ingeniique,
873 2956 962 3043 quod
978 2956 1162 3020 simulatum
1180 2957 1221 3019 ad

90 3064 163 3106 eam
179 3040 266 3105 diem
288 3044 403 3122 tuerat,
427 3042 468 3104 de
492 3043 524 3104 vi
546 3064 585 3105 ac
607 3041 740 3106 libidine
763 3041 839 3106 Sex.
856 3042 1033 3128 Tarquinii,
1051 3043 1092 3106 de
1108 3039 1220 3127 stupro

89 3127 223 3192 infando
247 3127 421 3191 Lucretiae
445 3138 477 3192 et
492 3127 669 3191 miserabili
686 3128 796 3209 caede,
815 3129 855 3191 de
872 3130 1011 3192 orbitate
1027 3128 1220 3213 Tricipitini,

89 3215 142 3278 cui
165 3225 271 3278 morte
292 3212 377 3277 filiae
402 3235 501 3278 causa
522 3215 635 3278 mortis
658 3214 820 3298 indignior
841 3236 879 3278 ac
894 3214 1111 3278 miserabilior
1126 3223 1219 3278 esset.

88 3300 204 3364 addita
226 3299 382 3385 superbia
403 3301 505 3384 ipsius
532 3301 619 3383 regis
642 3300 858 3385 miseriaeque
891 3310 924 3364 et
954 3299 1083 3364 labores
1115 3299 1257 3384 plebis9

88 3387 121 3448 in
165 3385 270 3449 fossas
309 3385 501 3471 cloacasque
546 3386 784 3449 exhauriendas
831 3386 1012 3467 demersae3
1058 3385 1221 3450 Romanos

87 3471 248 3554 homines,
282 3473 422 3536 victores
461 3473 603 3535 omnium
642 3473 728 3535 circa
764 3471 969 3557 populorum,
1013 3471 1144 3556 opifices
1182 3493 1222 3535 ac

88 3558 248 3644 lapicidas
270 3579 329 3643 pro
353 3557 567 3622 bellatoribus
589 3558 704 3621 factos.
742 3557 878 3641 indigna
901 3557 995 3622 Semi
1017 3557 1104 3621 Tulli
1135 3560 1221 3642 regis
1242 3574 1277 3622 10

88 3656 269 3710 memorata
292 3645 408 3709 caedes
433 3653 466 3708 et
488 3645 617 3708 invecta
641 3644 770 3730 corpori
792 3645 895 3729 patris
910 3643 1050 3707 nefando
1070 3643 1222 3708 vehiculo
1257 3672 1259 3675 ·

88 3730 164 3808 filia,
188 3732 396 3817 invocatique
419 3730 543 3794 ultores
565 3739 741 3816 parentum
765 3730 820 3794 dii.
857 3729 912 3794 bis
934 3729 1304 3805 strscxstmssqssm

88 3818 198 3895 credo,
232 3815 313 3897 aliis,
348 3839 431 3904 quae
450 3839 609 3903 praesens
632 3840 749 3886 rerum
769 3819 960 3905 indignitas
983 3813 1277 3941 baubqoauugffi
