2738 4146
86 158 147 218 222
178 160 180 163 ’
400 170 509 221 niusa
526 171 574 221 m.
594 169 669 221 cnr.
688 172 730 221 47.
748 172 790 221 48.
811 168 844 237 [a.
863 169 898 221 u,
916 185 938 220 ο.
956 168 1027 238 eost.

137 344 235 408 tacito
258 341 337 408 fletu
360 364 458 430 quam
487 340 554 407 ulla
575 364 643 407 vox
671 341 834 407 movebat.
873 342 1032 407 adversus
1057 365 1142 428 quae
1166 345 1281 410 omnia

138 429 300 493 obstinato
323 430 430 493 animo
453 426 581 512 Appius
603 437 758 492 -tanta
779 430 829 492 vis
852 429 1012 508 amentiae
1039 431 1150 496 verius
1175 453 1279 516 quam

137 515 258 579 amoris
281 524 423 580 mentem
446 513 638 579 turbaverat
658 550 702 561 -
723 516 756 578 in
778 513 921 578 tribunal
944 515 1100 597 escendit,
1130 526 1164 581 et
1186 518 1278 582 ultro

138 610 296 687 querente
312 622 415 685 pauca
437 601 589 687 petitore,
612 601 699 686 quod
715 601 765 664 ius
781 598 842 664 sibi
858 600 963 685 pridie
986 623 1045 685 per
1055 601 1278 668 ambitionem

139 689 260 751 dictum
282 708 348 751 non
370 697 467 768 esset,
495 687 685 772 priusquam
717 696 774 751 aut
795 685 849 750 ille
872 684 1074 769 postulatum
1097 700 1278 773 perageret

139 783 196 839 aut
217 772 375 857 VergInio
407 772 629 857 respondendi
651 774 785 837 daretur
806 771 906 854 locus,
928 771 1064 857 Appius
1088 773 1276 839 interfatur.

7 864 10 870 “
104 872 236 944 tquem
260 859 393 922 decreto
409 880 591 922 sermonem
611 859 842 943 praetenderit,
865 858 974 922 forsan
990 856 1133 944 aliquem
1155 883 1276 926 verum

138 953 288 1009 auctores
320 945 444 1028 antiqui
466 943 673 1024 tradiderint,
706 945 782 1031 quia
813 965 973 1045 nusquqm
997 943 1104 1008 ullum
1122 947 1158 1009 in
1180 956 1277 1012 tanta

138 1031 293 1094 foeditate
326 1030 450 1093 decreti
478 1031 550 1094 veri
585 1028 723 1094 similem
753 1031 896 1111 invenio,
932 1030 977 1110 1d,
1011 1030 1100 1116 quod
1133 1041 1275 1114 constat,

137 1117 262 1181 nudum
284 1116 415 1180 videtur
437 1116 696 1200 proponendum,
730 1115 882 1180 decresse
908 1115 1066 1180 vindicias
1090 1118 1276 1182 secundum

104 1217 120 1266 6
139 1203 340 1267 servitutem.
363 1202 468 1287 primo
492 1210 607 1286 stupor
628 1224 739 1266 omnes
754 1202 967 1266 admiratione
990 1203 1039 1266 rei
1061 1210 1127 1266 tam
1151 1205 1275 1268 atrocis

140 1287 267 1369 defixit3
305 1286 465 1352 silentium
501 1288 577 1350 inde
609 1286 808 1373 aliquamdiu
838 1288 952 1351 tenuit.
992 1288 1078 1371 dein,
1116 1310 1192 1353 cum
1227 1289 1272 1356 M.

139 1373 296 1438 Claudius
319 1372 604 1436 circumstantibus
626 1375 783 1436 matronis
805 1374 867 1438 iret
889 1373 933 1436 ad
956 1374 1181 1458 prendendam
1205 1377 1273 1441 vir·

138 1459 257 1542 ginem,
278 1457 560 1544 lamentabilisque
577 1481 651 1522 eum
665 1459 838 1523 mulierum
855 1458 1055 1544 conploratio
1074 1463 1275 1546 excepisset,

104 1561 119 1608 7
139 1545 312 1630 Verginius
334 1545 495 1609 intentans
517 1546 550 1607 iu
565 1546 709 1631 Appium
731 1568 844 1617 manus
862 1544 993 1630 „Icilio“
1017 1547 1131 1629 inquit,
1150 1548 1275 1633 ,Appi,

138 1654 203 1695 non
225 1630 295 1695 tibi·
305 1629 402 1694 filiam
428 1631 588 1715 despondi
611 1641 644 1695 et
666 1631 708 1694 ad
730 1633 916 1716 nuptiarum
938 1631 1107 1714 honorem,
1139 1654 1206 1697 non
1230 1635 1276 1696 ad

139 1715 296 1780 amiculae
319 1717 462 1781 dedecus
485 1717 632 1780 educavi.
664 1717 834 1802 passurine
857 1717 939 1781 haec
969 1717 1023 1782 isti
1045 1719 1117 1798 sint,
1142 1720 1276 1801 nesci03

103 1819 119 1868 8
138 1824 203 1865 non
219 1825 315 1888 spero
332 1825 403 1867 esse
425 1824 578 1886 passuros
601 1800 683 1882 illos,
708 1804 763 1888 qui
786 1825 876 1866 arma
894 1802 1049 1867 habent“.
1073 1826 1148 1867 cum
1163 1804 1275 1892 repel-

137 1888 260 1952 leretur
279 1889 426 1951 adsertor
440 1889 573 1971 virginis
589 1910 608 1950 a
623 1887 720 1971 globo
736 1887 909 1953 mulierum
925 1890 1276 1978 circumstantiumque

139 1975 382 2054 advocatorum,
407 1972 567 2037 silentium
590 1974 709 2037 factum
732 1997 792 2059 per
814 1997 1017 2060 praeconem.

105 2079 118 2125 1
241 2059 397 2122 XLVIII.
413 2059 599 2141 Decemvir,
616 2058 754 2123 alienato
775 2061 817 2124 ad
838 2060 1006 2124 libidinem
1028 2062 1147 2142 animo,
1170 2073 1276 2146 negat

139 2168 182 2208 ex
214 2144 368 2209 hesterno
406 2153 532 2207 tantum
562 2146 707 2210 convicio
744 2146 827 2209 Icilii
857 2145 1078 2232 violentiaque
1110 2146 1273 2232 Verginii,

140 2232 230 2295 cuius
253 2240 370 2295 testem
394 2228 550 2317 poptdum
573 2230 753 2296 Romanum
777 2231 907 2313 habeat,
931 2233 989 2297 sed
1014 2234 1110 2296 certis
1134 2254 1272 2319 quoque

139 2317 265 2380 indiciis
297 2327 501 2402 compertum
532 2339 566 2379 se
602 2317 722 2382 habere
755 2326 851 2381 nocte
882 2327 950 2382 tota
983 2328 1096 2383 coctus
1127 2320 1161 2382 in
1183 2320 1274 2384 urbe

103 2418 119 2465 2
138 2403 242 2466 factos
259 2425 331 2467 esse
347 2404 388 2466 ad
405 2402 598 2467 movendam
615 2404 816 2468 seditionem.
839 2405 949 2489 itaque
965 2427 1000 2468 se
1021 2403 1112 2468 haud
1131 2406 1274 2469 inscium

140 2490 208 2553 eius
233 2488 446 2553 dimicationis
479 2511 552 2552 cum
583 2491 713 2553 armatis
738 2490 957 2570 descendisse,
989 2512 1055 2554 non
1085 2498 1123 2555 ut
1155 2512 1272 2577 quern·

140 2596 237 2660 quam
260 2576 405 2660 quietum
427 2574 573 2649 violaret,
599 2575 657 2639 sed
679 2585 715 2638 ut
737 2575 905 2639 turbantes
922 2577 1059 2640 civitatis
1083 2577 1185 2640 otium
1209 2599 1274 2662 pro

104 2661 308 2724 amaiestate
330 2661 458 2744 imperii
485 2669 658 2725 coerceret.
694 2662 851 2745 „proinde
884 2663 1013 2747 quiesse
1037 2663 1099 2727 erit
1128 2661 1271 2726 melius“

32 2776 34 2780 ⁸
139 2746 258 2830 inquit;
292 2747 331 2826 „i,
365 2745 468 2827 lictor,
503 2745 662 2811 submove
684 2746 814 2810 turbam
838 2757 870 2811 et
894 2748 935 2810 da
956 2750 1044 2812 viam
1067 2747 1199 2812 domino
1225 2750 1271 2812 ad

139 2830 365 2915 prendendum
388 2832 614 2916 mancipium“.
638 2854 711 2895 cum
733 2832 815 2896 haec
837 2833 1029 2897 intonuisset
1051 2832 1166 2918 plenus
1188 2834 1272 2917 irae,

138 2914 312 2980 multitudo
343 2918 415 3000 ipsa
446 2940 480 2981 se
512 2939 571 2981 sua
597 2922 712 3005 sponte
748 2918 890 2995 dimovit,
926 2920 1121 3005 desertaque
1143 2921 1274 3006 praeda

102 3015 119 3061 4
138 3002 273 3065 iniuriae
289 3001 399 3088 puella
415 3002 530 3066 stabat.
547 3013 616 3067 tum
632 3003 816 3087 Verginius,
833 3005 889 3068 ubi
904 3004 985 3067 nihil
999 3027 1137 3091 usquam
1154 3006 1272 3070 auxilii

137 3088 227 3164 vidit,
254 3089 416 3173 ,quaeso“
441 3091 553 3174 inquit,
572 3090 688 3176 ,Appi
711 3090 852 3175 primum
866 3091 998 3172 ignosce
1021 3091 1126 3176 patrio
1150 3089 1272 3171 dolori,

139 3175 166 3236 si
189 3195 253 3258 quo
276 3173 499 3239 inclementius
526 3176 559 3238 in
593 3185 625 3239 te
657 3199 729 3239 sum
750 3177 911 3253 invectus;
945 3177 1063 3240 deinde
1095 3177 1181 3242 sinas
1215 3177 1272 3242 hic

139 3281 248 3322 coram
271 3261 396 3343 virgine
418 3261 575 3324 nutricem
597 3264 812 3347 percunctari,
836 3262 915 3349 quid
938 3262 1002 3327 hoc
1024 3263 1073 3328 rei
1096 3264 1146 3341 sit,
1170 3270 1219 3344 ut,
1244 3266 1273 3328 si

137 3343 218 3409 falso
251 3356 346 3430 pater
377 3346 480 3409 dictus
516 3369 596 3427 sum,
630 3349 783 3433 aequiore
813 3348 890 3411 hinc
921 3350 1027 3412 animo
1063 3346 1268 3412 discedam“.

101 3431 215 3494 adata
236 3433 333 3495 venia
367 3432 494 3496 seducit
517 3431 615 3495 liliam
646 3456 684 3496 ac
706 3435 865 3498 nutricem
897 3456 1002 3519 prope
1027 3433 1201 3500 Cloacinae
1226 3436 1270 3499 ad

138 3516 302 3596 tabernas,
327 3517 444 3603 quibus
467 3540 554 3581 nunc
577 3521 670 3582 novis
695 3530 743 3583 est
765 3542 893 3603 nomen,
925 3531 1024 3605 atque
1045 3520 1092 3584 ibi
1115 3520 1155 3584 ab
1179 3519 1270 3585 lanio

139 3601 243 3667 cultro
267 3614 398 3689 arrepto
425 3604 507 3683 „hoc
538 3614 571 3666 te
593 3626 658 3668 uno
683 3627 746 3691 quo
770 3607 924 3690 possum“
957 3607 1002 3669 ait
1026 3607 1154 3687 „modo,
1188 3605 1271 3690 filia,

138 3690 171 3750 in
193 3688 378 3753 libertatem
401 3687 560 3753 vindico“.
594 3700 708 3775 pectus
733 3693 850 3756 deinde
873 3691 1003 3776 puellae
1025 3691 1188 3776 transfigit
1220 3716 1273 3758 re·

138 3784 354 3861 spectansque
377 3776 419 3839 ad
446 3773 587 3839 tribunal
612 3775 682 3860 ,te“
707 3779 819 3863 inquit,
846 3777 962 3862 ,Appi
987 3787 1146 3862 tuumque
1170 3790 1273 3864 caput

86 3874 106 3920 e
123 3862 286 3943 sanguine
308 3861 375 3928 boc
398 3861 592 3929 consecro“.
616 3861 761 3930 clamore
783 3865 829 3928 ad
846 3874 918 3928 tam
937 3873 1035 3925 atrox
1049 3863 1176 3927 lacinus
1195 3875 1273 3929 orto
