2738 4146
135 96 195 152 128
398 102 508 158 LlBER
525 109 597 159 XXI.
616 108 693 159 csP.
711 111 754 159 at.
771 111 813 160 28.
833 107 871 178 [a.
889 107 924 159 U.
941 103 968 158 c.
983 105 1056 176 536]

186 279 303 344 bantur
324 290 455 367 praeter
478 303 543 353 eos,
578 303 659 366 quos
682 283 832 345 instratos
854 279 1071 363 frenatosque,
1093 286 1131 343 ut
1153 277 1322 366 extemplo

186 388 318 449 egresso
350 368 383 429 in
416 368 520 453 ripam
553 368 652 453 equiti
682 368 756 432 usui
779 375 896 447 essent,
920 367 1130 451 inposuerant
1150 365 1184 427 in
1207 387 1318 430 naves.

151 468 165 516 1
270 451 431 515 XXVIII.
457 451 542 516 Galli
571 462 742 517 occursant
767 453 799 516 in
827 453 898 538 ripa
925 473 1000 516 cum
1023 450 1120 514 variis
1143 449 1322 517 ululatibus

185 547 347 622 cantuque
369 539 469 602 moris
493 539 542 603 sui
574 541 754 624 quatientes
778 547 868 602 scuta
891 560 990 623 super
1012 538 1119 624 capita
1140 536 1320 602 vibrantes·

151 639 166 687 2
184 644 249 708 que
272 623 395 688 dextris
418 622 492 706 tela,
517 646 716 709 quamquam
732 635 820 689 etex
836 623 975 688 adverso
997 622 1143 687 terrebat
1164 631 1255 688 tanta
1269 624 1347 691 vis-

183 709 317 774 navium
348 732 421 782 cum
454 711 576 794 ingenti
600 732 678 775 sono
710 710 850 775 fluminis
874 719 906 774 et
929 708 1069 784 clamore
1092 709 1184 776 vario
1207 719 1318 774 nauta-

183 817 264 873 rum,
289 793 435 877 militum,
459 805 492 860 et
514 797 570 881 qui
592 796 778 861 nitebantur
792 817 1003 882 perrumpere
1025 797 1182 881 Impetum
1214 793 1317 859 flumi-

147 898 162 945 8
182 882 243 962 nis,
268 883 378 966 etqui
402 904 444 945 ex
467 880 569 946 altera
591 884 661 968 ripa
683 883 866 947 traicientes
890 904 965 946 suos
998 879 1222 946 hortabantur.
1254 882 1317 946 iam

184 967 259 1031 satis
290 975 446 1051 paventes
474 968 612 1032 adverso
640 966 779 1033 tumultu
805 965 981 1033 terribilior
1003 966 1043 1030 ab
1067 977 1159 1049 tergo
1183 967 1317 1032 adortus

184 1050 307 1117 clamor
338 1054 451 1117 castris
482 1054 523 1117 ab
546 1054 707 1118 Hannone
736 1055 845 1141 captis.
868 1075 948 1118 mox
970 1062 1002 1117 et
1023 1053 1093 1138 ipse
1116 1053 1240 1135 aderat,
1264 1075 1318 1116 an·

183 1160 326 1225 cepsque
348 1148 454 1204 terror
475 1139 704 1204 circumstabat
726 1149 759 1204 et
781 1137 951 1203 anavibus
966 1148 1056 1203 tanta
1069 1138 1102 1202 vi
1118 1148 1317 1205 armatorum
1364 1150 1367 1156 ’

148 1242 165 1289 4
182 1225 215 1288 in
230 1233 352 1289 terram
367 1226 526 1290 evadente
543 1235 574 1289 et
590 1226 630 1289 ab
646 1236 738 1310 tergo
753 1226 919 1312 inprovisa
957 1233 1102 1288 remonte
1118 1223 1316 1302 acieflalli,

182 1319 356 1397 postquam
377 1320 516 1396 utroque
537 1312 605 1377 vim
623 1311 733 1375 facere
756 1312 861 1375 conati
875 1249 1091 1397 palliabantur,
1116 1331 1181 1396 qua
1204 1321 1318 1397 patere

181 1399 288 1461 visum
310 1399 451 1461 maxime
474 1400 545 1477 iter,
576 1407 791 1484 perrumpunt
812 1396 996 1483 trepidique
1019 1399 1050 1460 in
1081 1398 1172 1461 vicos
1195 1399 1318 1482 passim

183 1505 258 1547 suos
292 1482 470 1566 diffugiunt.
503 1482 667 1548 Hannibal
698 1485 812 1546 ceteris
836 1484 937 1569 copiis
959 1505 1020 1570 per
1042 1485 1142 1547 otium
1164 1485 1316 1564 traiectis,

184 1590 340 1654 spernens
362 1571 427 1633 iam
450 1567 593 1634 Gallicos
615 1568 781 1652 tumultus,
806 1578 911 1633 castra
932 1567 1027 1634 locat.
1097 1608 1099 1613 <

147 1673 163 1721 o
268 1653 526 1740 Elephantorum
547 1656 799 1720 traiciendorum
821 1656 912 1718 varia
934 1652 1068 1719 consilia
1083 1653 1184 1718 firisso
1206 1653 1316 1733 credo,

183 1749 271 1804 certe
295 1744 398 1805 variat
419 1744 575 1805 memoria
595 1751 687 1805 actae
701 1742 759 1806 rei.
784 1741 917 1826 quidam
933 1740 1137 1824 congregatis
1153 1739 1196 1802 ad
1211 1739 1316 1826 ripam

183 1825 361 1911 elephantis
392 1827 524 1891 tradunt
553 1828 788 1892 ferocissimum
811 1849 853 1891 ex
873 1828 914 1891 iis
935 1828 1099 1890 inritatum
1122 1824 1164 1889 ab
1187 1835 1316 1891 rectore

183 1934 252 1993 suo,
277 1934 351 1976 cum
373 1911 588 1996 refugientem
609 1916 642 1978 in
666 1936 785 1998 aquam
807 1922 1007 1999 sequeretur,
1030 1922 1162 1976 nantem
1176 1914 1317 1977 traxisse

182 2019 325 2080 gregem,
347 2007 384 2061 ut
398 2020 561 2083 quemque
576 1999 744 2063 timentem
760 1998 962 2065 altitudinem
978 1998 1169 2063 destitueret
1182 1998 1323 2082 vadum,

146 2084 305 2168 oimpetu
335 2085 406 2170 ipso
438 2083 579 2148 fluminis
609 2087 642 2149 in
676 2083 809 2150 alteram
842 2086 947 2171 ripam
982 2085 1137 2171 rapiente·
1170 2092 1318 2149 cetemrm

182 2170 284 2253 magis
316 2178 443 2234 constat
464 2170 588 2235 ratibus
603 2172 769 2249 traiectos3
800 2171 833 2233 id
856 2180 893 2235 ut
914 2173 1012 2235 tutius
1036 2168 1208 2236 consilium
1241 2179 1317 2235 ante

148 2277 251 2323 trem
273 2254 366 2338 foret,
387 2258 432 2320 ita
454 2266 526 2320 acta
547 2279 583 2320 re
606 2257 646 2320 ad
670 2256 770 2321 fidem
786 2259 919 2343 pronius
936 2265 993 2321 est.
1016 2265 1120 2321 ratem
1141 2277 1242 2320 unam
1258 2255 1315 2320 du·

182 2350 293 2406 centos
315 2340 446 2425 longam
467 2343 578 2429 pedes,
603 2345 835 2429 quinquaginta
856 2342 956 2407 latam
977 2364 997 2405 a
1018 2352 1107 2407 terra
1127 2343 1162 2407 in
1185 2363 1315 2406 amnem

180 2438 404 2514 porrexerunt,
438 2451 545 2515 quam,
575 2451 617 2493 ne
647 2429 792 2494 secunda
820 2450 907 2513 aqua
938 2428 1127 2510 deferretur,
1165 2426 1315 2514 pluribus

179 2512 296 2578 validis
318 2515 505 2579 retinaculis
528 2525 619 2602 parte
651 2518 818 2602 superiore
840 2518 930 2601 ripae
960 2513 1130 2598 religatam
1152 2515 1260 2600 pontis
1282 2514 1316 2577 in

180 2599 315 2664 modum
336 2600 435 2665 humo
457 2602 575 2665 iniecta
590 2609 845 2683 constraverunt,
867 2610 904 2666 ut
918 2598 1035 2665 beluae
1051 2600 1211 2665 audacter
1225 2597 1317 2664 velut

145 2710 160 2758 8
180 2708 240 2771 per
263 2685 365 2750 solum
389 2687 646 2769 ingrederentur.
671 2686 773 2751 altera
795 2687 872 2751 ratis
888 2708 993 2773 aeque
1009 2685 1082 2764 lata,
1098 2684 1199 2770 longa
1211 2685 1315 2774 pedes

182 2780 320 2853 centum,
345 2772 384 2834 ad
409 2772 623 2837 traiciendum
645 2771 765 2837 flumen
785 2782 869 2859 apta,
892 2772 968 2836 huic
990 2771 1143 2860 copulata
1160 2781 1224 2854 est3
1246 2780 1316 2836 tum

182 2856 345 2942 elephanti
367 2879 427 2943 per
450 2856 598 2922 stabilem
620 2868 722 2922 ratem
752 2870 919 2945 tamquam
949 2861 1035 2923 viam
1057 2858 1315 2945 praegredienti-

180 2941 242 3006 bus
270 2942 395 3007 feminis
418 2947 490 3024 acti,
513 2943 574 3029 ubi,
588 2947 621 3008 in
637 2946 796 3009 minorem
811 2943 1005 3031 adplicatam
1018 2946 1216 3027 transgressi
1231 2952 1315 3035 punt

143 3042 158 3087 o
182 3027 344 3114 extemplo
367 3030 528 3111 resolutis,
553 3030 670 3114 quibus
692 3028 807 3095 leviter
829 3032 958 3094 adnexa
981 3039 1059 3112 erat,
1090 3028 1241 3113 vinculis,
1274 3028 1315 3093 ab

132 3132 162 3178 ro
182 3117 331 3179 actuariis
355 3113 479 3201 aliquot
499 3116 636 3180 navibus
660 3115 701 3178 ad
725 3117 858 3181 alteram
890 3118 995 3204 ripam
1027 3116 1238 3202 pertrahitur.
1271 3116 1316 3181 ita

180 3201 292 3287 primis
316 3204 470 3288 expositis
493 3200 547 3265 alii
570 3202 687 3266 deinde
703 3204 831 3290 repetiti
846 3223 886 3266 ac
898 3202 1024 3267 traiecti
1041 3210 1124 3269 sunt.
1140 3200 1222 3267 nihil
1237 3222 1317 3267 sanc

180 3287 394 3372 trepidabant,
420 3287 526 3353 donec
549 3291 722 3353 continenti
745 3287 835 3353 velut
854 3297 953 3375 ponte
977 3297 1166 3373 agerentur3
1188 3290 1315 3376 primu·

181 3383 250 3436 erat
271 3395 384 3458 pavor,
407 3396 481 3439 cum
503 3372 608 3440 soluta
629 3375 670 3437 ab
695 3376 810 3448 ceteris
836 3383 906 3438 rate
933 3375 966 3437 in
989 3375 1088 3439 altum
1110 3383 1314 3463 raperentur.

131 3473 160 3519 11
180 3458 226 3522 ibi
247 3469 399 3543 urgentes
420 3461 504 3524 inter
526 3482 571 3540 se,
595 3460 784 3525 cedentibus
812 3462 964 3524 extremis
987 3460 1028 3524 ab
1052 3481 1148 3546 aqua,
1170 3459 1316 3547 trepida·

180 3545 276 3609 tionis
299 3544 499 3630 aliquantum
522 3545 671 3629 edebant,
696 3548 799 3611 donec
823 3548 962 3632 quietem
979 3549 1050 3632 ipse
1064 3547 1162 3613 timor
1177 3547 1315 3611 circum·

131 3645 162 3691 12
184 3631 405 3716 spectantibus
428 3653 547 3717 aquam
569 3633 708 3697 fecisset.
732 3633 884 3697 excidere
912 3633 1008 3697 etiam
1031 3634 1213 3699 saevientes
1267 3632 1314 3699 ui·

181 3715 310 3780 damin
333 3716 468 3798 flumem
491 3717 547 3781 sed
570 3718 716 3804 pondere
738 3722 810 3803 ipso
832 3717 963 3782 stabiles
980 3718 1115 3784 deiectis
1129 3652 1315 3785 rectoribus

180 3802 375 3885 quaerendis
397 3803 598 3889 pedetentim
620 3805 713 3870 vadis
734 3807 766 3869 in
789 3814 908 3868 terram
931 3826 1076 3870 evasere.
