2738 4146
95 109 134 165 ιο
394 122 502 170 arasa
519 122 540 170 J.
577 120 653 170 car.
674 123 712 171 ιο.
733 122 767 188 [a.
786 121 818 171 u.
837 140 859 171 0.
880 119 972 187 1-37]

143 294 259 356 maesti
298 303 449 377 parentes
487 294 649 375 virginum
692 291 891 375 profugiunt,
930 294 1112 356 incusantes
1161 293 1272 358 violati

142 377 276 463 hospitii
299 375 405 440 scelus
430 378 590 462 deumque
606 378 805 457 invocantes,
830 379 921 440 cuius
938 379 979 440 ad
996 376 1152 443 sollemne
1168 378 1275 444 ludos-

93 484 126 532 14
168 487 209 528 uc
232 487 292 548 per
314 464 363 526 fas
386 485 425 527 ac
447 463 544 527 fidem
570 464 699 547 decepti
716 465 889 527 venissent.
913 486 973 527 nec
995 467 1096 547 raptis
1121 477 1176 529 aut
1199 489 1278 550 spes

144 486 186 614 de
209 573 243 614 se
267 548 382 613 melior
416 560 472 612 aut
499 549 676 632 indignatio
702 559 751 613 est
772 551 886 612 minor.
925 550 983 613 sed
1015 550 1085 635 ipse
1116 551 1279 616 Romulus.

143 636 336 700 circumibat
375 635 578 721 docebatque
615 644 744 720 patrum
782 636 814 697 id
853 635 1007 720 superbia
1043 637 1174 719 factum,
1219 640 1273 722 qui

144 721 320 787 conubium
344 720 487 784 finitimis
511 729 699 803 negassent3
723 720 793 784 illas
817 731 928 784 tamen
951 723 983 784 in
1000 725 1215 803 matrimonio,
1240 726 1273 787 in

144 810 300 872 societate
323 807 526 871 fortunarum
542 808 685 870 omnium
702 807 908 891 civitatisque
932 817 972 888 et,
990 830 1054 893 quo
1070 808 1150 871 nihil
1168 811 1276 872 carius

142 894 285 957 humano
310 895 421 975 generi
444 894 494 974 sit,
526 891 664 956 liberum
697 892 782 974 fore3
816 893 980 958 mollirent
1003 895 1098 958 modo
1132 896 1196 958 iras
1230 906 1275 976 et,

90 1002 123 1049 15
145 979 264 1065 quibus
279 978 346 1042 fors
363 1000 502 1062 corpora
518 979 672 1060 dedisset,
698 979 813 1042 darent
829 981 962 1043 animos.
985 1003 1083 1065 saepe
1100 1003 1142 1044 ex
1158 982 1277 1044 iniuria.

142 1066 353 1150 postmodum
376 1066 514 1147 gratiam
539 1075 652 1144 ortam,
688 1086 793 1150 eoque
815 1065 1005 1130 melioribus
1037 1089 1152 1130 usuras
1184 1069 1276 1148 viris,

144 1151 233 1237 quod
258 1151 429 1213 adnisurus
454 1171 512 1235 pro
545 1173 579 1213 se
603 1153 740 1236 quisque
772 1153 823 1233 sit,
856 1161 900 1231 ut,
934 1174 1007 1215 cum
1044 1174 1134 1215 suam
1167 1154 1274 1216 vicem

143 1239 273 1301 functus
298 1235 405 1300 officio
430 1239 479 1316 sit,
512 1238 695 1320 parentium
718 1238 815 1300 etiam
838 1239 1028 1324 patriaeque
1053 1238 1183 1322 expleat
1219 1240 1273 1302 de·
1364 1271 1367 1278 ·

89 1347 122 1394 16
145 1324 311 1387 siderium.
337 1321 537 1385 accedebant
561 1321 737 1386 blanditiae
759 1325 903 1388 virorum
926 1324 1047 1387 factum
1064 1326 1272 1409 purgantium

143 1409 320 1494 cupiditate
344 1418 442 1492 atque
465 1429 586 1490 amore,
612 1430 695 1493 quae
712 1411 854 1472 maxime
874 1410 915 1472 ad
932 1409 1091 1474 muliebre
1107 1411 1272 1493 ingenium

31 1515 33 1519 ’
141 1495 292 1560 efficaces
315 1515 429 1577 preces
454 1504 535 1556 sunt.
1295 1508 1298 1514 ·

103 1585 141 1654 ι’
244 1580 286 1642 X.
310 1580 379 1642 Iam
404 1580 580 1643 admodum
604 1580 741 1663 mitigati
765 1580 863 1642 animi
885 1580 987 1665 raptis
1011 1591 1116 1660 erant3
1145 1592 1178 1643 at
1201 1604 1274 1667 rap-

140 1677 246 1730 tarum
271 1676 421 1750 parentes
453 1680 520 1727 tum
550 1667 689 1729 maxime
713 1665 845 1729 sordida
876 1676 968 1730 veste
1001 1665 1209 1751 lacrimisque
1241 1678 1276 1731 et

141 1750 294 1837 querellis
318 1752 465 1814 civitates
483 1751 698 1814 concitabant.
715 1774 776 1815 nec
792 1752 879 1814 domi
895 1762 1019 1815 tantum
1035 1753 1274 1833 indignationes

141 1838 359 1917 continebant,
377 1838 433 1901 sed
452 1838 733 1922 congregabantur
749 1839 892 1923 undique
904 1839 944 1901 ad
956 1838 993 1901 T.
1005 1839 1144 1919 Tatium,
1161 1861 1272 1921 regem

141 1923 348 2004 Sabinorum,
374 1934 405 1986 et
428 1922 606 2006 legationes
639 1946 689 2005 eo,
722 1923 808 2008 quod
842 1926 1018 1987 maximum
1041 1924 1127 1988 Tatii
1153 1947 1272 1989 nomen

102 2024 118 2071 2
140 2011 173 2073 in
196 2011 234 2073 iis
258 2009 447 2092 regionibus
472 2017 550 2089 erat,
575 2010 825 2073 conveniebant.
851 2009 1069 2075 Caeninenses
1091 2007 1271 2074 Crustumi·

139 2098 239 2180 nique
264 2106 296 2160 et
311 2097 525 2158 Antemnates
549 2106 650 2174 erant,
675 2096 716 2158 ad
741 2116 823 2180 quos
848 2096 915 2159 eius
938 2097 1075 2160 iniuriae
1098 2120 1174 2181 pars
1197 2119 1271 2181 per-

77 2225 78 2228 *
140 2182 275 2245 tinebat.
301 2180 387 2244 lente
411 2203 507 2264 agere
531 2180 580 2242 his
592 2181 704 2245 Tatius
721 2180 897 2267 Sabinique
919 2183 981 2247 visi
998 2192 1086 2262 sunt3
1109 2183 1171 2266 ipsi
1188 2184 1273 2246 inter

105 2285 177 2332 ase
200 2281 266 2331 tres
298 2265 412 2351 populi
445 2268 659 2331 communiter
690 2266 810 2330 bellum
842 2277 968 2351 parant.
1006 2291 1047 2332 nc
1072 2267 1271 2333 Crustumini

142 2354 275 2439 quidem
288 2365 385 2437 atque
409 2353 622 2416 Antemnates
653 2374 712 2438 pro
741 2353 860 2417 ardore
882 2354 996 2439 iraque
1020 2353 1269 2419 Caeninensium

139 2441 217 2503 satis
241 2462 275 2504 se
299 2440 425 2522 inpigre
448 2449 594 2522 movent3
617 2440 663 2503 ita
691 2462 750 2525 per
773 2461 807 2504 se
831 2441 938 2526 ipsum
960 2462 1078 2503 nomen
1090 2437 1271 2504 Caeninum

94 2545 111 2591 4
139 2526 171 2588 in
196 2548 311 2607 agrum
334 2525 515 2589 Romanum
540 2527 697 2609 impetum
720 2526 805 2591 lacit.
846 2528 904 2591 sed
938 2526 1039 2590 effuse
1066 2526 1271 2590 vastantibus

138 2611 175 2675 fit
199 2612 316 2675 obvius
349 2633 421 2674 cum
454 2613 601 2674 exercitu
624 2612 782 2677 Romulus
816 2613 947 2699 levique
976 2614 1150 2676 certamine
1175 2613 1272 2677 docet

85 2706 87 2710 ’
139 2719 257 2762 vanarn
291 2698 359 2760 sine
382 2697 506 2761 viribus
530 2700 610 2761 iram
636 2721 716 2763 esse.
753 2702 933 2763 exercitum
965 2699 1071 2761 fundit
1101 2698 1191 2781 lugat
1218 2722 1268 2779 ue,

138 2783 245 2846 fusum
269 2785 486 2867 persequitur,
524 2806 636 2865 regem
659 2786 691 2846 in
723 2785 845 2867 proelio
878 2783 1050 2848 obtruncat
1081 2793 1113 2846 et
1141 2721 1268 2869 spoliat,

99 2891 115 2937 o
141 2870 225 2933 duce
249 2869 391 2932 hostium
408 2870 523 2932 occiso
547 2868 661 2932 urbem
686 2872 790 2954 primo
814 2871 939 2955 impetu
959 2870 1053 2954 capit.
1078 2869 1154 2932 inde
1178 2892 1270 2934 exer·

138 2957 203 3019 citu
228 2957 353 3019 victore
387 2955 523 3019 reducto
557 2957 637 3039 ipse,
671 2977 743 3018 cum
774 2955 868 3018 sactis
900 2957 951 3018 vir
982 2954 1173 3038 magnificus
1201 2966 1270 3020 tum

138 3041 301 3104 factorum
327 3051 509 3107 ostentator
525 3041 610 3104 haud
635 3042 750 3122 minor,
775 3041 880 3126 spolia
904 3041 995 3105 ducis
1018 3041 1159 3104 hostium
1185 3045 1271 3107 caesi

138 3149 300 3212 suspensa
323 3127 480 3191 fabricato
504 3127 544 3190 ad
569 3128 600 3190 id
625 3137 700 3212 apte
722 3126 846 3191 ferculo
870 3151 986 3210 gerens
1018 3129 1049 3190 in
1074 3125 1270 3211 Capitolium

138 3215 289 3278 escendit
312 3214 425 3299 ibique
449 3236 486 3277 ea
511 3236 582 3276 cum
609 3214 647 3275 ad
674 3235 829 3298 quercum
853 3213 1040 3296 pastoribus
1063 3235 1188 3276 sacram
1214 3216 1270 3279 de·

136 3301 310 3386 posuisset,
344 3297 438 3363 simul
474 3321 547 3361 cum
580 3299 664 3362 dono
698 3301 882 3382 designavit
913 3300 1034 3384 templo
1066 3299 1155 3363 Iovis
1188 3300 1270 3366 fines

100 3409 115 3456 r,
138 3408 384 3470 cognomenque
409 3385 536 3448 addidit
560 3386 631 3448 deo.
659 3385 827 3471 „Iuppiter
849 3386 995 3448 Feretri“
1021 3387 1135 3471 inquit,
1168 3387 1270 3468 „haec

138 3473 196 3536 tibi
232 3473 336 3535 victor
359 3470 515 3534 Romulus
547 3494 607 3534 rex
639 3472 731 3554 regia
761 3494 852 3535 arma
874 3472 943 3536 fero
973 3477 1196 3556 templumque
1219 3473 1270 3537 his

137 3558 334 3642 regionibus,
369 3579 450 3643 quas
473 3558 570 3620 modo
595 3559 700 3620 animo
725 3567 864 3621 metatus
888 3581 969 3637 sum,
998 3558 1123 3639 dedico,
1157 3559 1269 3623 sedem

139 3646 256 3729 opimis
281 3642 402 3729 spoliis,
438 3665 521 3726 quae
544 3644 676 3726 regibus
700 3644 905 3728 ducibusque
929 3644 1070 3706 hostium
1092 3647 1194 3708 caesis
1217 3669 1270 3711 me

105 3755 120 3803 ⁷
144 3741 311 3794 auctorem
336 3742 507 3814 sequentes
531 3732 652 3811 posteri
676 3729 810 3794 ferent.“
851 3731 932 3794 haec
954 3729 1067 3814 templi
1095 3741 1144 3794 est
1167 3733 1269 3823 origo,

138 3817 224 3896 quod
248 3817 391 3898 primum
416 3817 558 3878 omnium
583 3815 706 3880 Romae
730 3827 889 3879 sacratum
915 3827 972 3880 est.
999 3817 1041 3880 'ta
1065 3816 1184 3887 deinde
1207 3819 1269 3884 diis
