2738 4146
98 116 144 175 20
376 129 488 178 ntnnn
506 131 526 179 1.
547 127 627 179 one.
647 132 687 179 aa.
708 129 741 196 [a.
760 129 793 179 u.
811 145 833 179 ο.
852 130 981 194 ea-rrq

154 323 257 386 prope
279 301 363 364 inter
384 311 535 385 parentes
558 311 729 386 natosque,
753 300 927 363 Troianam
950 311 1121 384 utramque
1144 297 1283 383 prolem,

154 409 227 450 cunr
250 387 421 450 Lavinium
454 385 494 449 ab
518 387 625 468 Troia,
661 386 702 449 ab
725 387 861 450 Lavinio
885 384 980 462 Alba,
1014 385 1054 448 ab
1078 384 1283 449 Albanorum

120 475 256 558 sstirpe
278 495 392 555 regum
416 473 543 537 oriundi
565 472 702 536 Romani
734 486 851 536 essent.
892 482 1027 536 eventus
1060 482 1169 534 tamen
1203 470 1285 536 belli

153 560 258 622 minus
281 557 498 622 miserabilem
522 559 764 623 dimicationem
785 559 872 638 fecit,
905 559 993 642 qnod
1017 579 1077 620 nec
1109 558 1179 620 acie
1213 580 1282 621 cer·

64 670 68 674 ·
115 651 121 688 ἵ·
146 656 255 709 ¹tatum
279 652 337 723 est,
371 656 403 709 et
426 645 519 709 tectis
542 645 639 708 modo
672 645 786 709 dirutis
809 643 941 709 alterius
965 643 1054 707 urbis
1079 643 1143 707 duo
1167 642 1284 729 populi

118 732 184 808 ain
208 753 307 794 unum
330 731 454 795 confusi
478 741 560 795 sunt.

77 795 97 836 ⁸
254 815 373 880 Albani
406 818 533 902 priores
564 817 686 900 ingenti
720 816 864 880 exercitu
895 817 928 878 in
959 838 1072 898 agrum
1097 814 1282 878 Romanum

152 905 309 986 impetum
353 903 470 967 fecere.
517 912 624 967 castra
670 901 710 966 ab
755 901 836 965 urbe
880 901 970 966 haud
1015 900 1088 986 plus
1135 903 1282 987 quinque

119 988 238 1052 'milia
288 1010 442 1074 passuum
479 987 597 1067 locant,
642 987 730 1053 fossa
776 987 994 1068 circumdant;
1038 987 1126 1050 fossa
1164 985 1282 1051 Cluilia

114 1075 193 1154 4ab
216 1076 345 1139 nomine
368 1075 459 1138 ducis
482 1096 543 1159 per
565 1073 689 1161 aliquot
719 1073 850 1138 saecula
881 1071 1046 1158 appellata
1077 1083 1136 1155 est,
1172 1073 1279 1137 donec

151 1183 224 1225 cum
246 1183 283 1224 re
315 1183 435 1225 nornen
467 1182 598 1246 quoque
630 1168 793 1224 vetustate
826 1159 979 1225 abolevit.
1017 1160 1050 1222 in
1082 1159 1132 1223 his
1166 1160 1283 1223 castris

120 1277 122 1284 ,
152 1245 297 1328 Cluilius,
320 1245 468 1310 Albanus
490 1269 561 1328 rex,
583 1248 734 1323 moritur3
771 1246 963 1310 dictatorem
985 1244 1105 1309 Albani
1128 1245 1280 1309 Mettium

149 1333 313 1397 Fufetium
347 1342 467 1396 creant.
509 1333 639 1396 iuterim
672 1331 785 1396 Tullus
820 1332 924 1411 ferox,
960 1334 1137 1417 praecipue
1173 1340 1282 1396 morte

150 1420 247 1502 regis,
270 1440 489 1503 magnumque
514 1419 647 1482 deorum
670 1439 791 1483 numen
823 1418 864 1483 ab
888 1419 959 1501 ipso
984 1419 1089 1503 capite
1114 1439 1223 1480 orsum
1246 1419 1280 1480 in

150 1527 246 1568 omne
268 1525 386 1567 nomen
402 1504 566 1568 Albanum
582 1506 799 1590 expetiturum
816 1525 939 1590 poenas
955 1503 996 1566 ob
1017 1502 1140 1579 bellum
1155 1503 1280 1587 inpium

151 1591 313 1665 dictitans,
345 1600 441 1654 nocte
464 1592 647 1674 praeteritis
678 1590 820 1654 hostium
844 1590 957 1653 castris
989 1590 1105 1652 infesto
1131 1590 1280 1653 exercitu

115 1693 133 1742 o
150 1677 183 1739 in
203 1698 316 1758 agrum
334 1676 499 1740 Albanum
516 1679 630 1761 pergit.
656 1698 694 1740 ea
709 1699 761 1739 res
777 1676 818 1739 ab
835 1676 961 1739 stativis
977 1677 1099 1740 excivit
1114 1675 1277 1740 Mettium.

152 1763 240 1825 ducit
263 1785 358 1846 quam
384 1764 534 1846 proxime
558 1764 598 1825 ad
622 1762 750 1826 hostem
772 1771 890 1844 potest.
918 1762 994 1825 inde
1017 1760 1158 1844 legatum
1184 1784 1278 1846 prae·

151 1849 282 1910 missum
305 1850 455 1911 nuntiare
472 1847 567 1912 Tullo
583 1848 682 1930 iubet,
707 1849 896 1932 priusquam
914 1847 1075 1929 dimicent,
1100 1869 1182 1933 opus
1206 1869 1281 1915 esse

151 1932 343 2018 conloquio,
367 1935 393 1996 si
417 1954 526 1996 secum
552 1955 746 2016 congressus
770 1935 821 2012 sit,
857 1934 934 1996 satis
968 1935 1052 1997 scire
1081 1956 1119 1997 ea
1142 1956 1177 1998 se
1200 1932 1278 1996 alla-

149 2028 269 2099 turum,
304 2041 387 2104 quae
410 2018 509 2082 nihilo
534 2020 637 2082 minus
670 2019 803 2082 adrem
827 2019 1006 2082 Romanam
1030 2042 1126 2104 quam
1156 2018 1198 2081 ad
1220 2017 1278 2081 Al-

115 2104 267 2172 abanam
290 2107 485 2189 pertineant.
520 2104 605 2169 haud
630 2114 821 2191 aspernatus
845 2104 968 2184 Tullus,
1001 2116 1120 2185 tamen,
1145 2106 1171 2168 si
1193 2127 1279 2170 vana

116 2233 119 2239 -
149 2190 347 2268 adferantur,
370 2193 402 2253 in
427 2192 528 2254 aciem
552 2191 670 2254 educit.
695 2201 815 2254 exeunt
838 2203 949 2254 contra
973 2201 1004 2254 et
1026 2190 1156 2255 Albani.
1188 2200 1278 2275 post-

151 2298 247 2361 quam
280 2278 395 2339 structi
424 2277 589 2362 utrimque
621 2277 760 2357 stabant,
793 2299 866 2340 cum
897 2279 1008 2362 paucis
1040 2299 1214 2361 procerum
1245 2277 1279 2346 in

114 2383 131 2432 ‘1
149 2360 292 2425 medium
317 2362 417 2426 duces
440 2364 631 2447 procedunt.
643 2362 700 2426 'ibi
715 2363 786 2426 infit
801 2362 962 2426 Albanus:
989 2364 1141 2446 ,iniurias
1157 2372 1191 2425 et
1211 2384 1279 2427 nou

149 2448 296 2511 redditas
319 2471 372 2513 res
396 2471 437 2512 ex
459 2448 592 2514 foedere
617 2471 700 2536 quae
722 2451 882 2534 repetitae
914 2451 987 2526 sint,
1013 2460 1045 2513 et
1077 2471 1136 2532 ego
1164 2469 1278 2530 regem

148 2545 293 2597 nostrum
318 2533 468 2599 Cluilium
494 2558 624 2600 causam
648 2536 782 2600 huiusce
806 2559 876 2600 esse
909 2534 986 2600 belli
1008 2534 1140 2598 audisse
1162 2532 1280 2598 videor

115 2633 117 2636 “
149 2642 209 2682 nec
230 2629 263 2684 te
286 2620 411 2703 dubito,
427 2620 531 2702 Tulle,
556 2621 671 2686 eadem
687 2631 814 2707 praete
830 2622 930 2703 ferre;
954 2621 1013 2684 sed
1030 2622 1057 2684 si
1073 2643 1153 2684 vera
1168 2620 1279 2705 potius

150 2727 247 2790 quam
282 2706 373 2770 dictu
407 2708 555 2791 speciosa
590 2707 728 2777 dicenda
762 2718 845 2789 sunt,
880 2707 998 2793 cupido
1032 2707 1161 2791 imperii
1195 2705 1280 2770 duos

80 2819 130 2878 κθ
149 2800 303 2876 cognatos
326 2793 517 2876 vicinosque
539 2791 679 2877 populos
703 2793 745 2856 ad
760 2814 851 2857 arma
871 2793 1022 2856 stimulat.
1046 2814 1163 2878 neque,
1186 2800 1279 2856 recte

37 2926 48 2959 ,
81 2857 110 2905 J
148 2896 189 2938 an
211 2899 395 2962 perperam,
417 2877 631 2962 interpretor3
662 2878 761 2942 fuerit
790 2880 853 2944 ista
885 2882 953 2943 eius
986 2877 1188 2959 deliberatio,
1222 2879 1288 2963 qui

15 3000 22 3023 a
112 3000 117 3019 .·
149 2960 270 3026 bellum
293 2963 452 3048 suscepit;
474 2985 527 3026 me
549 2963 670 3027 Albani
693 2965 837 3047 gerendo
861 2964 947 3029 bello
972 2965 1088 3029 ducem
1113 2985 1278 3035 creavere¹

146 3047 227 3112 illud
250 3058 292 3130 te,
315 3047 421 3129 Tulle,
446 3051 602 3113 monitum
634 3049 747 3113 velim:
780 3051 921 3115 Etrusca
950 3074 1002 3114 res
1036 3060 1157 3136 quanta
1190 3049 1279 3113 circa

145 3155 205 3198 nos
227 3144 326 3220 teque
349 3135 490 3198 maxime
514 3136 564 3216 sit,
596 3157 660 3222 quo
693 3138 829 3221 propior
861 3160 895 3202 es
918 3137 1042 3218 Tuscis,
1078 3136 1142 3200 hoc
1173 3137 1280 3217 magis

112 3221 219 3298 pacis.
243 3219 380 3284 multum
403 3219 449 3283 illi
472 3231 569 3296 terra,
593 3220 768 3307 plurimum
783 3224 865 3286 mari
888 3222 1020 3308 pollent.
1045 3244 1171 3286 memor
1195 3232 1277 3304 esto,

110 3354 112 3361 .
146 3307 210 3368 iam
235 3327 308 3369 cum
332 3307 458 3389 signum
481 3330 611 3392 pugnae
636 3307 739 3389 dabis,
772 3308 831 3372 has
865 3308 955 3374 duas*
978 3310 1065 3372 acies
1088 3305 1280 3393 spectaculo

145 3393 226 3472 fore,
249 3401 286 3455 ut
307 3390 411 3455 fessos
436 3393 665 3476 confectosque
682 3393 777 3458 simul
795 3396 951 3459 victorem
968 3417 1007 3458 ac
1022 3396 1143 3459 victum
1159 3393 1276 3476 adgre-

146 3477 285 3541 diantur.
318 3478 437 3563 itaque,
471 3481 497 3541 si
528 3501 587 3543 nos
603 3481 605 3484 ’
620 3480 653 3543 di
685 3490 807 3563 amant,
844 3482 996 3566 qnoniam
1029 3501 1093 3544 non
1130 3481 1278 3543 contenti

145 3561 298 3626 libertate
330 3574 419 3627 certa
449 3565 482 3626 in
505 3564 637 3629 dubiam
660 3565 788 3650 imperii
820 3567 1008 3651 seruitiique
1040 3565 1146 3631 aleam
1176 3565 1278 3647 imus,

146 3649 292 3713 ineamus
315 3649 457 3733 aliquam
480 3651 576 3731 viam,
602 3672 674 3737 qua,
699 3653 763 3713 utri
778 3652 859 3716 utris
874 3648 1045 3736 imperent,
1069 3653 1138 3716 siue
1155 3671 1278 3734 magna

111 3759 113 3762 ’
147 3733 261 3821 clade,
277 3734 345 3799 sine
368 3734 469 3800 m'ulto
493 3739 649 3820 sanguine
672 3737 970 3824 utriusquepopuli
985 3737 1119 3807 decerni
1138 3737 1274 3823 possitl

89 3841 128 3886 so
144 3820 236 3884 lrand
259 3819 483 3904 displicet‘r'ea
506 3822 611 3900 Tullo,
636 3845 832 3911 quamquam
856 3847 929 3913 cum
951 3823 1060 3891 indole
1082 3822 1180 3902 animi
1196 3830 1278 3889 tum
