2738 4146
89 123 151 182 111
354 137 464 187 nnana
481 137 554 186 xxr.
573 136 648 186 111,
668 139 708 187 11.
728 139 769 186 11.
788 136 823 204 [a
842 136 1004 203 1111111.

142 311 208 374 iarn
230 306 427 374 haberemus
456 331 530 373 cum
552 308 715 392 Romanis,
751 319 784 374 et
814 309 902 374 hunc
932 311 1085 374 iuvenem
1118 317 1284 394 tamquam

89 416 124 465 ta
143 395 261 460 furiam
282 394 453 481 facemque
476 395 571 459 huius
594 394 672 460 belli
696 397 749 461 odi
773 419 811 461 ac
834 396 994 474 detestor3
1016 416 1078 459 nec
1094 394 1283 460 dedendum

144 480 250 547 solum
272 480 314 544 ad
336 479 501 567 piaculum
523 483 610 566 rupti
633 481 784 565 foederis,
817 482 886 562 sed,
910 485 936 546 si
959 503 1054 546 nemo
1078 480 1281 568 deposceret,

144 566 374 631 devehendum
396 569 428 630 in
451 565 578 630 ultimas
599 570 697 631 maris
713 577 939 654 terrarumque
955 589 1039 648 oras,
1063 565 1284 650 ablegandum

144 675 193 734 eo,
216 653 304 717 unde
326 674 388 716 nec
410 653 451 716 ad
475 675 534 717 nos
557 675 676 717 nomen
708 653 859 740 famaque
892 657 960 718 eius
992 655 1144 718 accidere
1176 675 1285 739 neque

91 758 124 804 13
142 738 198 804 ille
222 737 395 803 sollicitare
420 741 547 824 quietae
570 741 708 803 civitatis
733 750 851 804 statum
872 742 985 827 possit.
1012 760 1072 822 ego
1092 742 1138 803 111
1153 760 1284 822 111111,

143 825 268 909 legatos
293 824 456 911 extemplo
480 825 616 889 Romam
638 826 822 907 mittendos,
847 829 902 912 qui
925 829 1051 890 senatui
1073 824 1285 912 satisfaciant,

55 928 58 933 ’
143 911 233 991 11111,
258 913 313 996 qui
337 909 511 974 Hannibali
533 913 689 993 nuntient,
721 921 758 976 ut
785 914 966 976 exercitum
989 911 1030 976 ab
1054 909 1202 994 Sagunto
1226 909 1281 975 ab·

144 998 250 1079 ducat,
282 999 292 1059 i
318 1018 454 1082 sumque
487 996 704 1062 Hannibalem
738 1018 781 1061 ex
811 997 945 1062 foedere
966 997 1120 1062 Romanis
1144 996 1284 1077 dedant;

141 1086 270 1148 tertiam
293 1020 488 1165 legationem
520 1082 562 1146 ad
593 1105 646 1146 res
670 1081 855 1164 Saguntinis
886 1083 1073 1148 reddendas
1107 1082 1282 1148 (11111111.ιι

108 1190 122 1238 1
245 1167 305 1231 Xl.
334 1166 418 1233 Cum
448 1166 566 1232 Hanno
597 1178 791 1255 perorasset,
825 1172 946 1235 nemini
979 1172 1122 1234 omnium
1154 1179 1284 1234 certare

143 1257 288 1319 oratione
320 1277 395 1318 cum
427 1275 466 1319 eo
498 1276 633 1318 necesse
654 1255 728 1319 fuit:
761 1255 844 1320 adeo
875 1277 978 1342 prope
1013 1258 1116 1320 omnis
1150 1265 1284 1320 senatus

142 1339 337 1404 Hannibalis
361 1349 440 1419 erat,
463 1340 675 1426 infestiusque
705 1340 848 1406 locutum
881 1339 1062 1425 arguebant
1083 1339 1281 1406 Hannonem

105 1449 240 1513 aquam
270 1424 427 1491 Flaccum
457 1425 634 1508 Valerium,
673 1425 816 1510 legatum
850 1427 1041 1493 Romanum.
1087 1448 1282 1513 responsum

141 1513 217 1577 inde
240 1510 355 1594 legatis
377 1511 530 1577 Romanis
554 1521 604 1575 est
627 1511 749 1577 bellum
782 1522 889 1578 ortum
921 1512 962 1578 ab
987 1511 1184 1596 Saguntinis,
1216 1534 1282 1576 non

143 1597 184 1662 ab
216 1596 401 1661 Hannibale
433 1618 521 1679 esse3
553 1597 710 1685 populum
743 1599 923 1664 Romanum
950 1601 1068 1663 iniuste
1099 1598 1221 1680 facere,
1255 1601 1284 1663 si

143 1683 338 1768 Saguntinos
375 1687 615 1749 vetustissimae
648 1683 963 1768 Carthaginiensium
1002 1687 1149 1750 societati
1186 1706 1283 1771 prae·

167 1779 251 1835 onat.
501 1826 504 1830 r

104 1794 163 1932 gp
245 1855 334 1919 Dum
364 1854 501 1920 Romani
537 1865 665 1942 tempus
702 1865 812 1925 terunt
849 1854 1064 1939 legationibus
1102 1855 1283 1935 mittendis,

143 1940 316 2013 Hannibal,
340 1944 416 2026 quia
437 1941 558 2005 fessum
580 1941 716 2006 militem
738 1940 868 2028 proeliis
890 1941 1109 2029 operibusque
1125 1939 1282 2024 habebat,

142 2050 321 2115 paucorum
343 2029 381 2090 iis
405 2027 529 2091 dierum
552 2031 693 2113 quietem
717 2027 809 2092 dedit
832 2027 1023 2093 stationibus
1040 2028 1082 2091 ad
1099 2027 1283 2093 custodiam

141 2116 311 2178 vinearum
348 2111 549 2199 aliorumque
587 2135 722 2200 operum
767 2114 815 2178 dis
842 2116 940 2179 ositis.
984 2116 1114 2179 interim
1156 2115 1285 2178 animos

143 2221 257 2264 eorum
278 2220 365 2263 nunc
386 2201 443 2279 ira,
467 2201 499 2263 in
523 2198 632 2264 hostes
657 2139 862 2283 stimulando,
885 2222 971 2264 nunc
987 2221 1045 2286 spe
1059 2201 1282 2287 praemiorum

106 2304 123 2352 4
142 2284 301 2350 accendit.
324 2294 360 2349 ut
381 2307 461 2349 vero
483 2308 542 2372 pro
566 2288 714 2350 contione
736 2286 893 2372 praedam
925 2296 1040 2373 captae
1062 2283 1154 2350 urbis
1179 2284 1284 2349 edixit

141 2369 279 2436 militum
308 2371 388 2452 fore,
426 2371 508 2435 adeo
540 2374 669 2436 accensi
701 2394 812 2437 omnes
850 2383 933 2447 sunt,
971 2383 1017 2452 ut,
1056 2373 1083 2436 si
1115 2369 1285 2457 extemplo

106 2460 268 2541 tsignum
292 2458 403 2522 datum
426 2468 520 2537 esset,
544 2457 633 2522 nulla
653 2461 687 2522 vi
709 2460 817 2523 resisti
840 2459 1008 2523 videretur
1030 2479 1138 2544 posse.
1156 2455 1281 2540 Sagun·

141 2546 207 2626 tini,
239 2554 275 2608 ut
298 2567 317 2608 a
338 2542 469 2631 proeliis
501 2546 642 2630 quietem
673 2543 866 2625 habuerant,
899 2566 959 2609 nec
991 2543 1192 2608 lacessentes
1220 2564 1285 2607 nec

141 2628 283 2695 lacessiti
305 2652 364 2717 per
386 2628 508 2716 aliquot
531 2630 609 2707 dies,
638 2632 684 2694 ita
715 2652 779 2695 non
803 2640 909 2714 nocte,
942 2653 1006 2694 non
1039 2630 1091 2695 die
1122 2651 1282 2715 umquam

142 2725 351 2781 cessaverant
373 2714 414 2779 ab
438 2737 547 2803 opere,
579 2726 616 2780 ut
636 2738 758 2780 novum
779 2739 908 2781 murum
941 2715 981 2780 ab
1014 2737 1054 2780 ea
1079 2724 1183 2801 parte,
1217 2736 1285 2802 qua

103 2826 119 2873 1
141 2802 340 2887 patefactum
364 2803 518 2888 oppidum
540 2804 641 2866 ruinis
665 2810 744 2881 erat,
766 2802 948 2867 reficerent.
982 2802 1058 2866 inde
1082 2802 1285 2887 oppugnatio

142 2909 197 2952 eos
213 2886 375 2973 aliquanto
392 2890 530 2952 atrocior
553 2911 650 2974 quam
670 2897 745 2952 ante
760 2888 876 2953 adorta
892 2898 949 2968 est,
967 2909 1037 2964 nec,
1057 2909 1123 2973 qua
1136 2889 1282 2974 primum

142 2984 197 3038 aut
218 2975 421 3061 potissimum
443 2983 535 3060 parte
557 2977 681 3038 ferrent
704 2995 808 3061 opem,
833 2998 908 3039 cum
924 2976 1031 3039 omnia
1045 2975 1144 3037 variis
1161 2971 1282 3037 clamo·

105 3060 230 3133 aribus
264 3069 456 3145 streperent,
489 3063 566 3125 satis
599 3063 682 3124 scire
713 3069 872 3146 poterant.
911 3062 981 3146 ipse
1004 3055 1180 3138 Hannibal,
1217 3080 1284 3144 qua

141 3149 237 3211 turris
271 3144 399 3211 mobilis
431 3148 538 3210 omnia
571 3149 769 3210 munimenta
798 3146 889 3211 urbis
922 3168 1077 3233 superans
1110 3142 1285 3209 altitudine

144 3234 312 3314 agebatur,
337 3231 482 3296 hortator
505 3232 628 3296 aderat.
653 3254 834 3319 quaecum
861 3232 992 3297 admota
1015 3229 1188 3317 catapultis
1212 3228 1283 3294 bal·

142 3318 287 3404 listisque
309 3340 369 3405 per
392 3320 498 3383 omnia
530 3316 675 3382 tabulata
708 3319 870 3406 dispositis
908 3340 1019 3383 muros
1052 3314 1286 3381 defensoribus

104 3418 121 3466 8
143 3405 307 3483 nudasset,
330 3414 398 3469 tum
421 3404 585 3468 Hannibal
609 3407 813 3469 occasionem
843 3413 932 3468 ratus
961 3406 1154 3491 quingentos
1176 3401 1284 3466 ferme

142 3488 241 3556 Afros
265 3515 339 3556 cum
362 3489 505 3555 dolabris
529 3490 571 3554 ad
593 3491 818 3556 subruendum
852 3489 893 3554 ab
924 3492 989 3555 imo
1020 3510 1151 3555 murum
1172 3490 1280 3553 mittit.

141 3599 203 3642 nec
237 3587 307 3640 erat
339 3575 470 3640 difficile
502 3599 593 3663 opus,
627 3576 714 3663 quod
747 3584 916 3641 caementa
944 3598 1010 3641 non
1042 3572 1133 3641 calce
1165 3573 1285 3639 durata

108 3671 246 3744 nerant,
271 3662 329 3727 sed
352 3662 494 3727 interlita
517 3662 583 3727 luto
607 3672 788 3727 structurae
820 3665 971 3747 antiquae
1003 3682 1134 3745 genere.
1171 3661 1283 3746 itaque

144 3749 249 3823 latius,
274 3771 370 3835 quam
395 3771 459 3834 qua
482 3749 682 3829 caederetur,
711 3748 836 3824 ruebat,
870 3770 993 3835 perque
1015 3747 1161 3834 patentia
1181 3747 1286 3811 ruinis

103 3853 115 3882 ¹
139 3838 271 3916 agmina
293 3845 494 3900 armatorum
513 3836 546 3898 111
561 3834 677 3899 urbem
692 3832 866 3899 radebant.
888 3833 999 3899 locum
1013 3853 1144 3920 quoque
1158 3831 1284 3898 editum
