2738 4146
229 153 231 157 ·
317 155 425 206 menn
444 155 529 207 xxu.
549 157 624 208 car.
643 160 686 208 aa.
704 161 745 208 aa.
764 160 807 208 ar.
824 155 860 227 [a.
879 158 913 209 u.
932 176 954 209 e.
973 135 1043 227 ssu.
1217 145 1278 203 179

88 329 181 414 prius
211 328 405 391 mittendum
428 328 469 391 ad
494 330 674 393 exercitum
698 327 738 408 Q.
761 328 910 410 Fabium,
937 350 1035 415 quam
1058 328 1224 394 consulem

89 418 123 476 in
146 414 259 478 locum
281 413 316 478 O.
332 414 483 477 Flaminii
506 414 862 480 suffecissetdictator
884 416 1087 480 contionibus
1110 438 1145 480 se
1168 415 1223 480 ab·
1244 431 1277 480 12

89 501 206 564 stinuit
236 502 269 563 in
301 501 428 564 actione
460 502 590 564 minime
620 499 797 585 popularis.
824 522 866 564 ne
893 503 926 564 in
954 513 1070 565 senatu
1092 503 1224 588 quidem

88 588 171 650 satis
195 588 310 671 aequis
326 585 458 650 auribus
472 585 678 665 audiebatur,
695 608 770 650 cum
785 586 912 651 bostem
926 587 1036 652 verbis
1053 587 1226 653 extolleret

91 672 283 757 bienniique
315 671 424 735 clades
456 694 516 756 per
546 675 761 736 temeritatem
793 684 891 758 atque
919 674 1078 737 inscitiam
1105 673 1224 739 ducum

89 768 249 844 acceptas
276 757 415 822 referret
442 769 475 822 et
496 760 651 841 magistro
676 761 830 844 equitum,
855 759 943 844 quod
966 767 1079 822 contra
1102 760 1224 824 dictum
1243 777 1276 825 1³

90 867 188 908 suum
213 853 400 928 pugnasset,
423 845 581 908 rationem
605 844 728 908 diceret
749 845 952 908 reddendam
976 866 1056 909 esse.
1080 846 1108 909 si
1122 867 1224 930 penes

90 954 129 996 se
153 953 281 994 summa
302 931 432 1015 imperii
455 929 643 1014 consiliique
667 932 716 1011 sit,
742 952 844 1016 prope
869 932 955 994 diem
971 930 1172 1011 effecturum,
1186 941 1224 995 ut
1242 950 1276 999 14

89 1018 199 1081 sciant
215 1017 362 1080 homines
373 1017 458 1080 bono
470 1017 669 1100 imperatore
679 1016 763 1079 baud
775 1019 885 1099 magni
894 1017 1056 1080 fortunam
1067 1018 1223 1081 momenti

89 1125 177 1183 esse,
205 1114 348 1166 mentem
375 1104 598 1186 rationemque
621 1103 790 1181 dominari,
816 1103 902 1167 etin
925 1113 1074 1186 tempore
1097 1112 1130 1166 et
1152 1103 1221 1167 sine
1241 1122 1275 1170 15

92 1190 273 1272 ignominia
303 1210 453 1253 servasse
486 1190 667 1252 exercitum
699 1211 796 1274 quam
827 1187 930 1252 multa
959 1187 1048 1251 milia
1079 1187 1222 1252 bostium

90 1276 256 1339 occidisse
287 1276 442 1338 maiorem
475 1273 610 1356 gloriam
642 1296 723 1338 esse.
748 1274 843 1338 huius
871 1275 999 1357 generis
1022 1274 1221 1338 orationibus
1241 1290 1275 1340 10

94 1360 220 1424 frustra
241 1359 361 1423 habitis
385 1371 417 1424 et
440 1358 572 1423 consule
595 1370 705 1424 creato
728 1359 772 1423 M.
797 1359 895 1423 Atilio
918 1359 1053 1443 Regulo,
1073 1383 1114 1426 ne
1129 1383 1221 1446 prae·

90 1469 170 1510 sens
184 1446 226 1510 de
237 1448 311 1510 'iure
326 1447 453 1530 imperii
470 1446 646 1528 dimicaret,
657 1445 763 1530 pridie
773 1468 870 1530 quam
879 1447 1055 1531 rogationis
1066 1445 1221 1511 ferendae

93 1534 166 1596 dies
189 1533 330 1615 adesset,
352 1544 448 1595 nocte
472 1531 512 1595 ad
536 1533 714 1595 exercitum
737 1531 826 1595 abiit.
849 1531 923 1595 luce
939 1543 1009 1596 orta
1026 1554 1097 1596 cum
1114 1531 1220 1617 plebis
1242 1550 1274 1599 lt

90 1616 267 1682 concilium
305 1630 400 1699 esset,
436 1619 539 1702 magis
575 1619 674 1682 tacita
711 1618 833 1682 invidia
868 1618 1032 1681 dictatoris
1063 1617 1221 1703 favorque

93 1706 244 1788 magistri
281 1705 426 1788 equitum
464 1705 587 1768 animos
621 1705 784 1785 versabat,
818 1725 915 1790 quam
947 1704 1024 1767 satis
1057 1704 1222 1768 audebant

94 1791 244 1854 homines
276 1795 317 1853 ad
350 1790 553 1854 suadendum
585 1790 673 1876 quod
705 1789 804 1874 vulgo
836 1788 989 1874 placebat
1018 1789 1160 1873 prodire,
1189 1799 1222 1854 et

94 1877 208 1940 favore
241 1887 415 1960 superante
447 1877 623 1940 auctoritas
653 1884 765 1940 tamen
797 1876 958 1960 rogationi
989 1874 1110 1940 deerat.
1138 1893 1274 1942 unus18

95 1963 248 2025 inventus
272 1973 322 2025 est
344 1983 458 2027 suasor
480 1960 560 2044 legis
576 1959 612 2027 O.
629 1960 800 2026 Terentius
817 1961 930 2045 Varro,
947 1963 1002 2046 qui
1014 1962 1123 2047 priore
1138 1983 1221 2026 anno

94 2058 228 2132 praetor
256 2047 373 2128 fuerat,
407 2047 479 2112 loco
509 2069 575 2111 non
606 2046 719 2110 humili
751 2047 853 2112 solum
884 2047 941 2110 sed
970 2049 1067 2110 etiam
1090 2047 1222 2112 sordido

92 2146 196 2198 ortus.
219 2143 347 2219 patrem
368 2132 489 2196 lanium
511 2133 610 2196 fuisse
631 2134 749 2215 ferunt,
772 2135 879 2219 ipsum
899 2135 1080 2198 institorem
1094 2135 1221 2217 mercis,

91 2219 228 2306 filioque
250 2217 315 2283 hoo
337 2221 408 2304 ipso
430 2220 463 2282 in
486 2218 617 2283 servilia
639 2219 708 2283 eius
731 2223 809 2283 artis
831 2221 1010 2284 ministeria
1030 2241 1136 2284 usum.

197 2304 326 2369 XXVI.
354 2305 388 2368 Is
419 2306 554 2385 iuvenis,
577 2314 614 2370 ut
635 2306 775 2391 primum
799 2326 840 2369 ex
864 2327 902 2369 eo
925 2327 1045 2388 genere
1069 2316 1222 2405 quaestus
1244 2322 1256 2367 1
1349 2366 1352 2372 .

48 2437 50 2440 -
94 2392 237 2476 pecunia
259 2413 279 2453 a
300 2401 393 2476 patre
415 2389 529 2454 relicta
552 2392 675 2455 animos
698 2390 739 2453 ad
757 2413 849 2475 spem
863 2390 1057 2454 liberalioris
1073 2394 1222 2454 tortunae

90 2477 181 2553 feeit,
210 2487 353 2561 togaque
377 2486 409 2540 et
430 2477 534 2542 forum
558 2475 721 2563 placuere,
746 2476 975 2560 proclamando
999 2498 1058 2560 pro
1082 2476 1221 2540 sordidis
1242 2494 1258 2540 a

93 2562 279 2628 hominibus
295 2564 466 2647 causisque
482 2563 640 2627 adversus
655 2585 724 2626 rem
736 2562 897 2625 etfamam
913 2562 1072 2627 bonorum
1080 2563 1221 2646 primum

90 2650 124 2712 in
147 2650 295 2713 notitiam
317 2649 439 2736 populi,
463 2649 581 2712 deinde
596 2648 638 2711 ad
653 2647 794 2712 bonores
809 2649 966 2733 pervenit.
981 2657 1221 2733 quaesturaque
1240 2668 1256 2716 3

88 2746 126 2801 et
148 2735 276 2800 duabus
299 2734 530 2813 aedilitatibus,
554 2734 683 2820 plebeia
706 2744 738 2798 et
762 2733 873 2817 curuli,
896 2746 1063 2820 postremo
1080 2743 1112 2799 et
1127 2756 1220 2819 prae·

89 2833 167 2888 tura
188 2819 378 2905 perfunctus
400 2822 464 2883 iam
487 2820 528 2883 ad
553 2819 738 2885 consulatus
761 2844 854 2906 spem
878 2843 950 2886 cum
974 2818 1137 2886 attolleret
1156 2823 1221 2884 ani·

90 2930 175 2988 mos,
198 2907 287 2971 haud
309 2929 425 2992 parum
448 2905 566 2970 callide
589 2928 700 2970 auram
724 2906 844 2969 favoris
867 2905 1034 2992 popularis
1058 2929 1100 2971 ex
1123 2907 1255 2975 dicta-4

90 2995 177 3058 toria
198 2992 321 3056 invidia
344 2994 436 3078 petiit
458 2993 594 3077 scitique
617 2990 722 3077 plebis
745 3015 828 3058 unus
851 2995 986 3077 gratiam
1009 2991 1092 3057 tulit.
1110 3012 1254 3062 omnes5

86 3102 164 3145 eam
195 3080 407 3162 rogationem,
441 3079 563 3164 quique
594 3077 718 3141 Romae
745 3081 866 3164 quique
893 3079 926 3142 in
950 3080 1096 3143 exercitu
1118 3088 1219 3157 erant,

90 3167 191 3253 aequi
217 3175 317 3249 atque
339 3164 450 3250 iniqui,
467 3175 599 3249 praeter
613 3166 720 3247 ipsum
738 3164 930 3229 dictatorem
944 3166 977 3227 in
993 3163 1220 3228 contumeliam

86 3254 161 3318 eius
183 3249 284 3314 latam
305 3261 516 3335 acceperunt3
539 3251 621 3335 ipse,
646 3272 710 3335 qua
726 3252 885 3334 gravitate
901 3251 999 3314 animi
1015 3251 1220 3313 criminantes
1241 3269 1256 3316 6

91 3360 127 3404 se
150 3337 193 3401 ad
216 3336 455 3400 multitudinem
479 3337 625 3399 inimicos
648 3335 777 3416 tulerat,
802 3336 917 3400 eadem
941 3347 973 3400 et
995 3334 1107 3421 populi
1129 3337 1162 3398 in
1185 3357 1220 3399 se

87 3423 266 3489 saevientis
293 3423 443 3487 iniuriam
469 3421 558 3502 tulit3
587 3423 794 3509 acceptisque
817 3424 849 3485 in
873 3424 944 3507 ipso
968 3423 1082 3485 itinere
1104 3420 1220 3485 litteris
1242 3440 1258 3488 7
1363 3437 1367 3446 '

93 3520 292 3594 senatusque
320 3506 467 3573 consulto
493 3509 533 3572 de
557 3523 693 3594 aequato
717 3510 863 3593 imperio,
888 3510 966 3572 satis
989 3507 1093 3571 fidens
1117 3507 1219 3569 haud-

86 3616 256 3682 quaquam
278 3616 352 3658 cum
374 3594 501 3679 imperii
522 3595 593 3659 iure
616 3604 718 3658 artem
741 3595 924 3680 imperandi
946 3602 1128 3679 aequatam,
1146 3614 1220 3657 cum

89 3684 212 3747 invicto
235 3703 255 3743 a
278 3680 404 3745 civibus
427 3680 640 3764 hostibusque
664 3681 771 3743 animo
795 3681 837 3743 ad
861 3681 1042 3743 exercitum
1065 3679 1173 3743 rediit.

194 3765 339 3835 XXVII.
371 3765 532 3831 Minucius
559 3787 648 3847 vero,
678 3789 752 3829 cum
779 3767 844 3829 iam
867 3777 941 3835 ante
963 3767 1021 3830 vix
1043 3763 1222 3829 tolerabilis
1244 3783 1258 3829 1

79 3855 208 3921 'fuisset
228 3852 329 3918 rebus
352 3853 502 3917 secundis
525 3875 564 3916 ac
586 3851 700 3917 favore
722 3851 826 3939 vulgi,
838 3862 913 3919 tum
923 3853 1045 3938 utique
1053 3851 1241 3914 immodice
1256 3866 1282 3907 a.

338 3960 346 3973 ¹
1151 3946 1208 3997 aa*
