2738 4146
123 120 184 179 132
356 133 466 184 mera
482 132 648 184 xx1.cnr.
667 135 709 183 sc.
728 137 769 184 sa.
788 135 830 206 aa.
850 131 883 201 [a
902 132 936 188 u,
954 149 976 184 a.
994 131 1066 201 ssa}

1044 236 1052 278 r

122 325 156 374 12
176 305 264 394 quod
286 303 472 392 parabatur,
497 316 691 391 consumpto
725 327 798 369 cum
828 305 955 388 ecdem,
989 326 1053 389 quo
1086 305 1314 390 constiterant,

173 391 247 457 loco
278 401 385 456 castra
416 393 679 473 communissent,
712 390 769 454 ubi
799 392 941 476 primum
973 390 1147 474 degressos
1179 392 1314 456 tumulis

175 488 345 543 montanos
367 476 561 562 laxatasque
585 479 685 542 sensit
707 477 883 558 custodias,
901 476 1049 561 pluribus
1065 476 1198 560 ignibus
1214 498 1313 561 quam

175 585 235 650 pro
258 585 395 628 numero
418 563 616 627 manentium
649 565 681 642 in
714 564 858 638 speciem
885 562 981 627 factis
1004 562 1314 648 impedimentisque

175 672 249 715 oum
281 651 389 735 equite
422 648 544 714 relictis
577 661 609 713 et
639 650 782 712 maxima
812 658 906 734 parte
939 649 1096 735 peditum,
1136 649 1210 733 ipse
1238 671 1314 714 cum

176 735 348 820 expeditis,
382 736 540 799 acerrimo
576 757 706 822 quoque
740 736 819 816 viro,
851 736 970 817 raptim
1002 735 1167 818 angustias
1201 737 1316 799 evadit

123 838 156 888 18
175 822 281 908 iisque
301 821 382 905 ipsis
403 820 546 903 tumulis,
570 844 652 906 quos
676 822 785 885 hostes
808 829 987 903 tenuerant,
1010 820 1169 884 consedit.

83 890 154 998 {11
277 906 440 971 XXXHI.
465 908 574 969 Prima
606 906 725 970 deinde
756 905 830 970 luce
862 916 967 971 castra
997 916 1095 985 mota,
1130 916 1163 970 et
1195 928 1314 990 agmen

62 1007 65 1014 '
139 1017 155 1064 a
174 992 335 1080 reliquum
358 994 512 1057 incedere
533 994 648 1078 coepit.
671 993 737 1056 iam
751 994 895 1056 montani
911 993 1003 1075 signo
1020 992 1096 1056 dato
1112 1013 1155 1055 ex
1170 992 1316 1057 castellis

175 1081 216 1143 ad
240 1082 411 1145 stationem
434 1078 562 1142 solitam
585 1078 833 1161 conveniebant,
857 1100 931 1142 cum
953 1089 1090 1165 repente
1105 1079 1314 1162 conspiciunt

176 1164 257 1230 alios
281 1187 356 1230 arce
380 1175 540 1250 occupata
562 1187 622 1228 sua
645 1187 744 1248 super
767 1174 865 1249 caput
892 1165 1107 1237 imminentes,
1143 1163 1224 1227 alios
1258 1167 1317 1229 via

137 1271 152 1318 a
174 1253 313 1317 transire
336 1251 457 1315 hostes.
472 1246 628 1336 astraque
660 1248 755 1313 simul
778 1250 906 1315 obiecta
927 1272 980 1314 res
1004 1249 1105 1313 oculis
1128 1251 1315 1336 animisque

174 1336 359 1402 immobiles
381 1358 559 1422 parumper
580 1357 637 1401 eos
666 1335 794 1417 defixit3
833 1335 962 1417 deinde,
994 1345 1032 1399 ut
1057 1335 1314 1418 trepidationem

173 1425 208 1487 in
231 1424 385 1507 angustiis
409 1445 533 1508 suoque
563 1422 669 1507 ipsum
701 1421 859 1486 tumultu,
876 1423 1005 1485 misceri
1036 1443 1154 1504 agmen
1184 1422 1315 1504 videre,

136 1530 153 1577 4
175 1510 267 1597 equis
289 1511 431 1573 maxime
454 1510 678 1589 consternatis,
701 1508 860 1594 quidquid
876 1508 1072 1571 adiecissent
1086 1508 1148 1594 ipsi
1163 1510 1314 1588 terroris,

175 1597 253 1659 satis
276 1595 319 1659 ad
340 1596 517 1682 perniciem
539 1594 608 1658 fore
631 1595 702 1675 rati,
736 1593 873 1658 diversis
904 1593 1040 1678 rupibus
1068 1595 1162 1657 iuxta
1183 1595 1217 1656 in
1239 1596 1316 1658 vias

136 1690 213 1746 cac
237 1680 332 1747 devia
364 1680 492 1744 adsueti
523 1680 708 1744 decurrunt.
746 1689 814 1743 tum
848 1701 927 1744 vero
961 1676 1055 1744 simul
1086 1678 1127 1743 ab
1160 1678 1315 1744 hostibus

175 1767 271 1831 simul
294 1766 336 1830 ab
359 1768 402 1830 ini
427 1768 529 1830 uitate
552 1765 698 1829 locorum
721 1765 823 1830 Poeni
856 1765 1137 1852 oppugnabantur,
1169 1764 1316 1851 plusque
1346 1774 1349 1783 '

173 1853 368 1938 interipsos,
384 1791 444 1915 sibi
463 1873 593 1937 quoque
608 1852 773 1933 tendente,
788 1861 825 1915 ut
840 1851 985 1937 periculo
1001 1851 1126 1937 primus
1142 1852 1314 1927 evaderet,

137 1958 271 2024 aquam
295 1960 368 2002 cum
393 1938 541 2002 hostibus
565 1938 751 2000 certaminis
775 1947 855 2003 erat.
894 1938 969 2023 equi
992 1938 1134 2001 maxime
1156 1936 1312 2001 infestum

175 2046 292 2108 agmen
314 2023 487 2103 faciebant,
520 2025 576 2109 qui
607 2033 639 2086 et
671 2022 867 2087 clamoribus
891 2022 1040 2099 dissonis,
1070 2043 1152 2108 quos
1175 2044 1318 2087 nemora

175 2112 272 2174 etiam
295 2131 573 2195 repercussaeque
595 2106 699 2172 valles
722 2109 895 2193 augebant,
920 2110 1023 2173 territi
1045 2108 1255 2195 trepidabant
1280 2122 1316 2174 et

174 2196 230 2259 icti
262 2193 347 2259 forte
378 2204 434 2258 aut
462 2193 626 2260 vulnerati
658 2194 741 2258 adeo
765 2193 1065 2274 consternabantur,
1097 2203 1135 2258 ut
1166 2203 1313 2279 stragem

173 2283 337 2367 ingentem
382 2279 477 2344 simul
520 2279 688 2344 hominum
725 2302 764 2344 ac
800 2282 999 2344 sarcinarum
1037 2281 1141 2343 omnis
1179 2281 1315 2363 generis

139 2368 332 2436 alacerent:
369 2366 553 2454 multosque
589 2366 696 2450 turba,
742 2388 815 2431 cum
850 2367 1047 2451 praecipites
1086 2365 1314 2453 deruptaeque

173 2454 336 2540 utrimque
358 2455 526 2536 angustiae
550 2463 671 2534 essent,
702 2453 736 2516 in
762 2453 956 2516 immensum
978 2451 1156 2515 altitudinis
1179 2452 1314 2535 deiecit,

175 2540 334 2627 quosdam
357 2548 389 2603 et
411 2548 568 2620 armatos3
591 2539 649 2602 sed
672 2541 785 2602 ruinae
802 2539 945 2603 maxime
960 2537 1058 2602 modo
1074 2539 1220 2603 iumenta
1234 2560 1313 2603 cum

139 2626 326 2695 soneribus
350 2623 617 2689 devolvebantur.
651 2647 734 2711 quae
780 2646 955 2709 uamquam
984 2624 1081 2687 foeda
1111 2625 1186 2687 visu
1208 2635 1315 2707 erant,

175 2712 262 2775 stetit
298 2731 476 2796 parumper
512 2721 620 2773 tamen
659 2647 824 2774 Hannibal
860 2731 900 2786 ac,
940 2733 1015 2774 suos
1057 2710 1226 2791 continuit,
1269 2733 1314 2774 ne

137 2820 153 2868 9
174 2795 348 2879 tumultum
371 2818 408 2859 ac
430 2796 678 2881 trepidationem
702 2805 845 2880 augeret.
871 2795 998 2878 deinde,
1021 2805 1195 2881 postquam
1210 2797 1311 2860 inter-

174 2883 283 2967 rumpi
306 2904 422 2964 agmen
446 2883 528 2945 vidit
550 2881 794 2968 periculumque
817 2904 898 2962 esse,
931 2903 973 2944 ne
1004 2892 1141 2946 exutum
1172 2882 1312 2967 impedi-

175 2968 291 3032 mentis
315 2967 497 3031 exercitum
513 2968 711 3053 nequiquam
727 2966 923 3032 ineolumem
936 2967 1150 3044 traduxisset,
1166 2967 1317 3041 decurrit

176 3076 218 3118 ex
241 3054 410 3138 superiore
433 3051 506 3117 loco
530 3061 571 3132 et,
596 3075 668 3115 cum
690 3054 816 3137 impetu
838 3055 909 3139 ipso
932 3053 1070 3117 fudisset
1083 3053 1223 3136 hostem,
1244 3057 1316 3118 suis

125 3153 157 3199 10
176 3162 305 3227 quoque
328 3137 502 3203 tumultum
524 3139 626 3203 auxit.
650 3139 709 3203 sed
731 3142 759 3202 is
782 3139 939 3203 tumultus
961 3147 1126 3203 momento
1141 3143 1311 3221 temporis,

176 3236 349 3312 postquam
371 3223 509 3288 liberata
532 3226 648 3288 itinera
669 3225 747 3307 fuga
768 3237 994 3290 montanorum
1028 3233 1130 3307 erant,
1162 3225 1316 3310 sedatur,

176 3334 237 3375 nec
284 3335 319 3375 er
343 3312 445 3375 otium
467 3311 576 3391 modo,
593 3310 650 3374 sed
666 3334 771 3398 prope
794 3310 920 3375 silentio
935 3332 1015 3376 mox
1030 3332 1142 3375 omnes
1158 3311 1314 3376 traducti.

125 3414 154 3459 11
177 3337 346 3462 castellum
367 3398 454 3470 inde,
479 3396 565 3484 quod
589 3407 687 3482 caput
706 3398 775 3461 eius
790 3398 931 3481 regionis
948 3407 1027 3478 erat,
1043 3395 1236 3484 viculosque
1250 3399 1312 3463 cir-

176 3485 354 3548 cumiectos
379 3485 466 3567 capit
489 3492 522 3546 et
544 3484 674 3569 captivo
706 3482 778 3546 cibo
811 3505 849 3546 ac
879 3482 1053 3570 pecoribus
1082 3505 1143 3568 per
1165 3484 1314 3549 triduum

176 3571 355 3634 exercitum
366 3568 463 3647 aluit;
479 3576 511 3632 et
521 3569 597 3654 quia
606 3590 666 3633 nec
676 3590 696 3632 a
708 3571 868 3633 montanis
878 3571 982 3654 primo
992 3568 1150 3655 perculsis
1165 3568 1315 3635 necloco

177 3678 294 3739 magno
306 3654 685 3739 opereimpediebantur,
696 3654 896 3740 aliquantum
908 3677 947 3720 eo
956 3655 1064 3718 triduo
1079 3655 1151 3720 viae
1162 3657 1311 3721 confecit

140 3757 153 3804 1
279 3739 440 3804 XXXIV.
477 3740 671 3805 Perventum
703 3741 779 3804 inde
817 3741 857 3804 ad
893 3741 1096 3827 frequentem
1132 3741 1315 3807 cultoribus

176 3825 285 3909 alium,
309 3837 346 3891 ut
366 3827 450 3916 inter
472 3835 652 3909 montanos,
683 3825 851 3913 populum.
890 3827 937 3891 ibi
966 3848 1032 3891 non
1061 3825 1149 3892 bello
1184 3839 1314 3915 aperto,
