2738 4146
307 140 309 144 ⁴
334 139 443 190 nrsnn
460 141 532 194 11111.
553 141 628 192 cnr.
648 145 810 194 111111.
830 142 864 213 [1.
884 145 917 196 u.
937 163 960 197 ο.
979 147 1048 214 aaa
1223 132 1280 191 125

88 313 240 403 peditum
264 313 416 378 Hannoni
439 316 479 379 ad
502 316 700 403 praesidium
725 317 918 382 obtinendae
941 321 1081 401 regionis
1105 320 1181 384 data
1201 329 1233 384 et

90 399 180 466 mille
205 402 340 487 equites.
362 411 535 488 postquam
556 426 616 490 per
637 404 843 488 Pyrenaeum
867 402 983 469 saltum
996 407 1123 470 traduci
1139 427 1231 470 exer·
1250 423 1267 472 4

91 491 175 552 citus
200 497 251 550 est
273 497 417 575 coeptus,
441 511 616 576 rumorque
638 511 698 576 per
719 490 878 555 barbaros
900 493 1043 555 manavit
1058 494 1176 558 certior
1191 491 1233 556 de

90 572 181 638 bello
204 572 363 655 Romano,
393 576 457 638 tria
485 575 574 640 milia
603 577 679 640 inde
712 573 968 663 Ca1petanorum
1024 577 1145 643 editum
1172 580 1233 643 iter

92 669 292 725 averterunt.
317 659 487 727 constabat
506 684 570 727 non
584 671 651 726 tam
666 661 753 727 bello
768 672 872 727 motos
889 685 986 748 quam
998 600 1233 750 longinquitate

91 748 165 811 viae
187 744 508 833 inexsuperabilique
530 747 662 835 Alpium
684 750 829 814 transitu.
852 746 1025 832 Hannibal,
1049 752 1125 836 quia
1139 770 1267 817 reno-5
1342 765 1344 768 ’

92 855 170 898 care
194 841 250 896 aut
271 833 304 896 vi
325 835 465 896 retinere
503 856 558 899 eos
594 857 712 920 anceps
737 843 813 917 erat,
848 857 888 898 ne
921 844 1104 900 ceterorum
1136 839 1231 900 etiarn

91 919 221 984 feroces
260 920 357 982 animi
392 920 608 1001 imitarentur,
646 943 745 1007 supra
781 930 906 1007 septem
945 920 1033 986 milia
1068 922 1268 990 hominums

94 1006 212 1070 domos
233 1006 367 1084 remisit,
401 1027 482 1091 quos
515 1015 546 1070 et
575 1009 663 1094 ipsos
686 1010 816 1090 gravari
837 1006 951 1072 militia
972 1017 1127 1084 senserat,
1153 1006 1231 1072 Car·

91 1101 232 1178 petanos
256 1112 387 1239 quoque
409 1091 450 1155 ab
474 1114 510 1156 se
534 1093 682 1156 dimissos
706 1093 869 1157 simulans.
1221 1152 1250 1166 ,

198 1175 267 1240 XX
289 1177 326 1239 V.
349 1175 441 1258 Inde,
464 1200 505 1241 nc
527 1201 620 1243 mora
642 1188 739 1264 atque
762 1181 862 1243 otium
885 1181 1008 1261 animos
1035 1177 1232 1262 sollicitaret,
1254 1202 1267 1249 1

93 1287 170 1328 curn
192 1261 326 1348 reliquis
350 1265 451 1349 copiis
472 1263 679 1347 Pyrenaeum
701 1265 937 1349 transgreditur
959 1275 992 1330 et
1014 1265 1055 1329 ad
1077 1266 1232 1352 oppidum

91 1348 224 1414 Iliberri
248 1357 355 1413 castra
376 1346 470 1413 locat.
496 1348 593 1430 Galli,
617 1372 813 1437 quamquam
835 1350 948 1415 Italiae
972 1349 1094 1416 bellum
1120 1352 1269 1420 infernis

93 1434 281 1508 audiebant,
298 1443 415 1516 tamen,
440 1438 515 1521 quia
529 1439 562 1501 vi
578 1435 729 1502 subactos
744 1446 832 1502 trans
848 1437 1052 1520 Pyrenaeum
1069 1436 1233 1523 Hispanos

91 1521 181 1586 fama
204 1530 275 1585 erat
295 1522 522 1607 praesidiaque
553 1520 663 1586 valida
695 1525 842 1609 inposita,
877 1533 967 1588 metu
997 1526 1158 1588 servitutis
1191 1524 1233 1588 ad

92 1629 186 1673 arma
208 1608 405 1672 consternati
426 1607 644 1673 Ruscinonem
660 1608 782 1695 aliquot
795 1606 909 1696 populi
924 1612 1127 1674 conveniunt.
1145 1609 1231 1695 quod
1251 1620 1267 1667 3

91 1693 150 1759 ubi
172 1692 353 1757 Hannibali
383 1697 564 1759 nuntiatum
597 1705 654 1775 est,
687 1717 811 1759 moram
843 1698 947 1777 magis
980 1718 1076 1781 quam
1110 1694 1233 1760 bellum

93 1790 253 1858 metuens,
279 1788 422 1844 oratores
446 1780 488 1843 ad
511 1778 642 1864 regulos
671 1802 781 1845 eorum
814 1783 914 1845 misit:
947 1780 1097 1865 conloqui
1129 1792 1233 1846 semet

92 1869 200 1953 ipsum
224 1889 299 1930 cum
321 1867 359 1930 iis
382 1864 476 1946 velle,
501 1876 534 1932 et
554 1865 607 1931 vel
629 1864 675 1931 illi
689 1869 821 1954 propius
844 1865 1006 1931 Iliberrim
1029 1867 1232 1950 accederent,

91 1952 147 2017 vel
170 1973 207 2018 se
230 1951 448 2016 Ruscinonem
470 1973 709 2039 processurum,
732 1962 768 2016 ut
784 1975 826 2016 ex
840 1956 1023 2039 propinquo
1039 1975 1232 2036 congressus
1253 1965 1270 2012 4

90 2037 220 2104 facilior
243 2047 344 2102 esset:
366 2060 443 2103 nam
466 2047 498 2102 et
520 2048 730 2124 accepturum
746 2061 801 2103 eos
817 2041 850 2102 in
866 2047 972 2104 castra
987 2062 1047 2103 sua
1061 2063 1095 2103 sc
1112 2038 1232 2103 laetum

91 2147 154 2190 nec
178 2133 368 2189 cunctanter
391 2146 426 2190 se
448 2126 555 2212 ipsum
579 2126 620 2188 ad
650 2146 705 2189 eos
738 2133 919 2189 venturum.
953 2125 1116 2211 hospitem
1148 2128 1232 2190 enim

93 2233 130 2277 se
147 2208 286 2288 Galliae,
302 2232 367 2274 non
382 2210 510 2275 hostem
526 2210 698 2275 advenisse
713 2232 774 2274 nec
790 2213 976 2276 stricturum
993 2221 1066 2276 ante
1078 2210 1231 2294 gladium,

91 2300 120 2362 si
141 2318 204 2384 per
228 2294 341 2361 Gallos
356 2295 461 2378 liceat,
486 2318 583 2382 quam
605 2299 638 2361 in
653 2294 780 2361 Italiam
800 2300 955 2362 venisset.
981 2307 1013 2360 et
1026 2320 1086 2445 per
1102 2300 1230 2363 nuntios
1252 2309 1267 2355 5

91 2382 228 2470 quidem
249 2380 347 2460 baec3
378 2391 416 2447 ut
436 2404 515 2447 vero
538 2381 642 2465 reguli
666 2381 837 2448 Gallorum
859 2385 972 2448 castris
1004 2404 1024 2445 a
1068 2381 1231 2446 lliberrim

92 2466 260 2556 extemplo
292 2470 386 2533 motis
418 2467 505 2533 haud
539 2478 672 2551 gravate
703 2468 745 2532 ad
768 2468 915 2534 Poenum
945 2477 1114 2548 venerunt,
1147 2471 1232 2555 capti

90 2554 186 2620 donis
225 2576 299 2618 cum
336 2553 422 2619 bona
457 2572 539 2640 pace
577 2557 757 2620 exercitum
792 2576 852 2642 per
882 2554 964 2619 fines
995 2576 1070 2618 suos
1101 2563 1232 2641 praeter

89 2640 312 2707 Ruscinonem
335 2640 491 2727 oppidum
512 2642 767 2706 transmiserunt.

197 2724 308 2791 XXV.
340 2724 379 2789 In
402 2725 528 2791 Italiam
561 2729 689 2791 interim
719 2725 798 2791 nihil
829 2725 914 2790 ultra
945 2747 1042 2812 quam
1069 2724 1264 2790 Hiberum1

88 2814 247 2879 transisse
270 2810 489 2877 Hannibalem
522 2811 813 2877 aMassiliensium
846 2811 960 2894 legatis
991 2811 1129 2876 Romam
1158 2835 1230 2899 per-

90 2898 195 2965 latum
230 2907 308 2979 erat,
343 2921 427 2979 cum,
459 2897 595 2986 perinde
628 2920 666 2962 ac
697 2901 725 2963 si
751 2896 853 2986 Alpes
876 2901 940 2962 iarn
962 2901 1138 2982 transisset,
1170 2899 1265 2963 Boia

89 2984 270 3052 sollicitatis
305 2983 498 3050 Insubribus
537 2983 728 3050 defecerunt
763 3006 828 3050 nec
865 2994 932 3048 tam
964 2983 1005 3050 ob
1040 2995 1168 3049 veteres
1198 2987 1231 3048 in

113 3069 250 3160 opulum
280 3070 462 3136 Romanum
492 3072 567 3151 iras,
600 3092 697 3157 quam
729 3071 817 3157 quod
848 3092 954 3156 nuper
985 3072 1072 3135 circa
1105 3068 1229 3134 Padum

88 3097 292 3223 l'lacentiam
316 3154 576 3242 Cremonamque
608 3155 750 3222 colonias
781 3158 813 3220 in
846 3179 960 3239 agrum
990 3153 1153 3220 Gallicum
1177 3155 1230 3219 dc-

89 3244 207 3310 ductas
238 3265 336 3328 aegre
363 3241 579 3330 patiebantur.
594 3280 602 3299 1
617 3245 724 3329 itaque
757 3245 854 3307 armis
882 3252 1015 3330 repente
1039 3244 1175 3327 arreptis
1197 3244 1229 3305 in
1249 3258 1264 3304 3

89 3352 167 3397 enm
188 3331 296 3417 ipsum
318 3351 434 3414 agrum
454 3330 578 3416 impetu
599 3328 685 3393 facto
708 3338 831 3393 tantum
854 3330 987 3393 terroris
1011 3351 1049 3392 ac
1072 3325 1229 3391 tumultus

88 3416 248 3498 fecerunt,
271 3422 392 3480 utnon
416 3417 555 3500 agrestis
579 3415 677 3480 modo
701 3414 882 3496 multitudo,
906 3415 965 3479 sed
986 3417 1048 3500 ipsi
1070 3416 1229 3478 triumviri

87 3503 238 3583 Romani,
272 3503 327 3587 qui
354 3501 395 3565 ad
424 3523 538 3584 agrum
570 3511 727 3565 venerant
753 3501 999 3585 adsignandum,
1037 3499 1134 3564 diffisi
1155 3499 1228 3563 Pla-

89 3591 217 3656 centiae
239 3585 411 3652 moenibus
433 3587 591 3652 Mutinam
614 3587 825 3670 confugerint,
851 3586 887 3651 Ο.
911 3586 1069 3666 Lutatius,
1096 3583 1132 3649 C.
1154 3585 1228 3647 Ser-

88 3674 194 3756 vilius,
223 3672 270 3737 M.
296 3670 432 3738 Annius.
477 3673 599 3738 Lutatii
625 3695 743 3738 nomen
777 3672 865 3738 haud
899 3673 1034 3737 dubium
1067 3681 1129 3752 est;
1169 3689 1268 3757 prot

87 3759 197 3826 Annio
226 3758 430 3846 Servilioque
457 3759 513 3822 Μ’.
558 3757 700 3823 Acilium
733 3767 765 3823 et
797 3757 832 3823 Ο.
865 3757 1066 3821 Herennium
1107 3756 1228 3821 habent

88 3847 223 3936 quidam
246 3842 388 3928 annales,
421 3844 474 3910 alii
496 3845 534 3909 P.
561 3842 746 3910 Cornelium
768 3842 905 3910 Asinam
937 3852 970 3908 et
1001 3841 1039 3907 Ο.
1061 3842 1232 3928 Papirium
