2738 4146
174 813 254 922 llll
289 814 414 924 TITI
448 816 604 925 LIVII
639 816 783 926 VITA
818 817 894 925 ΕΤ
929 815 1206 927 SCRIPTIS.

209 1137 235 1200 I.
251 1137 288 1201 T.
305 1137 418 1202 Livius
434 1137 582 1200 Patavii¹
604 1138 636 1198 in
659 1137 740 1201 urbe
755 1147 946 1221 pervetusta
962 1138 1088 1203 Galliae
1105 1138 1278 1223 cisalpinae

107 1232 200 1286 natus
224 1233 273 1286 est
295 1223 329 1288 O.
347 1222 429 1286 Iulio
453 1222 593 1287 Caesare
615 1223 660 1285 M.
685 1222 860 1306 Calpurnio
884 1223 1001 1287 Bibulo
1025 1223 1219 1304 consulibus,
1243 1235 1280 1289 ut

107 1307 252 1393 plerique
276 1310 419 1387 credunt,
443 1330 525 1371 anno
549 1318 623 1372 ante
646 1308 721 1373 Chr.
745 1332 775 1371 n.
800 1310 1067 1395 quinquagesimo
1089 1311 1205 1374 nono.²
1227 1311 1279 1374 De

108 1394 219 1478 primis
242 1403 348 1458 autem
364 1395 450 1458 vitae
473 1396 540 1458 eius
563 1395 663 1475 annis,
688 1396 747 1459 etsi
770 1394 849 1459 nihil
869 1397 1042 1459 memoriae
1059 1397 1099 1459 sit
1113 1396 1277 1477 traditum,

107 1479 170 1543 hoc
192 1490 279 1543 certe
304 1480 460 1563 suspicari
479 1479 563 1551 licet,
591 1482 655 1542 iam
678 1480 711 1542 in
735 1481 817 1544 urhe
836 1484 942 1565 patria
962 1483 992 1543 ei
1011 1480 1178 1545 liberalem
1201 1481 1278 1545 edu-

107 1566 265 1628 cationem
281 1564 444 1648 obtigisse.
462 1563 663 1629 Adulescens
678 1565 813 1629 Romam
829 1569 1078 1651 transmigravit,
1093 1566 1149 1630 ubi
1165 1575 1278 1650 postea

106 1652 279 1713 maximam
301 1651 388 1714 vitae
410 1660 536 1734 partem
567 1651 599 1713 in
622 1651 736 1714 studiis
758 1650 937 1715 litterarum
961 1664 1058 1738 atque
1085 1653 1117 1715 in
1142 1651 1275 1714 historia

106 1735 280 1799 scribenda
315 1735 534 1800 consumebat.
574 1735 647 1814 Quo
681 1758 763 1800 anno
787 1737 909 1802 Romae
938 1739 1049 1802 sedem
1072 1737 1276 1802 collocaverit

39 1821 41 1826 ’
108 1831 196 1885 certo
221 1821 352 1906 quidem
381 1820 506 1884 definiri
528 1822 650 1906 nequit,
674 1821 741 1902 sed,
766 1824 826 1885 nisi
851 1825 957 1886 omnia
978 1822 1103 1903 fallunt,
1137 1845 1174 1887 eo
1206 1821 1273 1884 fere

106 1916 263 1990 tempore,
297 1929 360 1992 quo
384 1905 581 1970 Octavianus
604 1928 712 1990 pugna
733 1906 869 1971 Actiaca
890 1910 1067 1973 Antonium
1099 1907 1273 1990 superavit,

105 1992 227 2056 Romae
249 1993 313 2054 iam
338 1992 437 2056 fuisse
464 1994 623 2056 videtur.³
660 1992 758 2056 Haud
790 1995 834 2056 ita
864 1993 966 2057 multo
999 2005 1072 2079 post
1094 1994 1130 2057 T.
1154 1994 1273 2065 Livius,

106 2079 252 2162 quamvis
268 2077 480 2160 reipublicae
497 2100 630 2141 munere
645 2100 822 2163 numquam
836 2079 1034 2163 fungeretur,
1057 2081 1090 2142 in
1107 2077 1276 2142 Octaviani

106 2164 253 2226 notitiam
278 2164 427 2247 pervenit
449 2173 547 2248 atque
580 2165 675 2226 etiam
708 2163 896 2227 familiarius
923 2167 1118 2249 imperatore
1143 2167 1294 2248 eiusque.

105 2250 297 2334 propinquis
320 2270 397 2312 usus
421 2251 500 2313 est.⁴¹
522 2248 669 2312 Tradunt
701 2250 796 2327 enim,
820 2249 991 2314 Claudium
1019 2271 1150 2335 quoque
1174 2247 1275 2329 illum,

106 2334 301 2419 qui'deinde
325 2356 407 2398 anno
432 2335 679 2419 quadragesimo
703 2335 807 2418 primo
839 2345 915 2420 post
938 2334 1013 2399 Chr.
1043 2358 1075 2399 n.
1099 2337 1278 2418 imperator

105 2419 261 2483 salutatus
295 2430 352 2499 est,
384 2421 624 2484 adulescentem
657 2418 731 2483 olim
764 2420 912 2485 hortante
944 2421 981 2484 T.
1005 2420 1100 2485 Livio
1133 2418 1277 2481 historiis

106 2505 350 2568 conscribendis
383 2528 512 2589 operam
539 2505 699 2568 dedisse.⁵
734 2505 787 2568 Ex
819 2528 882 2590 qua
913 2529 949 2569 re
984 2527 1180 2593 quamquam
1212 2526 1277 2567 non

106 2591 327 2654 coniciendum
352 2603 400 2654 est
420 2589 590 2655 Claudium
617 2590 654 2653 T.
672 2591 755 2655 Livii
779 2591 971 2676 discipulum
995 2591 1104 2672 fuisse,
1128 2591 1162 2653 id
1188 2599 1275 2653 certe

106 2679 259 2760 sequitur,
296 2676 426 2740 Livium
463 2676 603 2739 familiae
639 2676 793 2761 principis
834 2677 993 2741 constanti
1031 2686 1161 2740 mutuae
1198 2675 1275 2738 fidei

104 2760 234 2826 vinculo
258 2762 460 2824 coniunctum
477 2761 585 2825 fuisse.

207 2933 385 2995 ¹Hieronym.
412 2931 446 2980 ad
464 2932 573 2980 Eusebii
600 2932 740 2981 chronicon
765 2947 789 2982 a.
813 2933 875 2982 Abr.
905 2934 983 2981 1958:
1008 2932 1123 2981 Messala
1149 2932 1275 2982 Corvinus

104 3025 190 3070 orator
219 3021 334 3069 nascitur
368 3024 393 3068 st
424 3019 453 3068 T.
482 3018 595 3067 Livius
621 3019 811 3068 Patavinus.
851 3018 889 3069 cf.
919 3019 1072 3080 Quintilian.
1101 3020 1163 3068 Inst.
1188 3018 1230 3069 Or.
1253 3019 1275 3078 1,

103 3109 160 3171 affl.
178 3106 250 3166 VIII,
271 3111 312 3168 1,3.
333 3105 429 3155 Statius
449 3105 511 3154 silv.
526 3105 569 3166 IV,
591 3109 636 3172 ⁷³³⁵
655 3121 693 3168 sq.
707 3104 819 3153 Martial.
832 3105 921 3168 Epigr.
933 3105 954 3168 Ι,
973 3107 1035 3170 61η.
1054 3104 1142 3155 Sidon.
1162 3103 1275 3168 ApoIIIn.

104 3193 187 3242 Carm.
207 3193 241 3250 ΙΙ,
262 3193 319 3242 189.
337 3190 470 3239 Plutarch.
491 3190 565 3239 Caes.
585 3194 625 3239 47.

205 3276 271 3325 ²Cf.
289 3276 440 3338 Hieronym.
459 3275 476 3325 I.
495 3266 516 3324 c.
537 3281 647 3340 atquae
666 3277 786 3339 exposuit
803 3276 838 3325 M.
858 3264 939 3324 Hertz
956 3276 983 3324 in
1000 3275 1150 3339 prolusione
1169 3274 1201 3323 dc
1223 3276 1279 3323 vita

103 3364 132 3413 T.
150 3364 226 3426 Livii,
244 3379 268 3427 p.
287 3363 332 3412 Vl.

204 3448 271 3496 ³cf.
291 3463 358 3512 quae
375 3447 425 3495 hae
444 3446 476 3495 dc
493 3462 521 3496 rc
548 3446 667 3495 dlxsrunt
687 3444 997 3494 Weissenborn-Mueller
1027 3445 1053 3492 in
1081 3443 1278 3506 Prolegomenis

103 3535 224 3583 editionIs
241 3533 302 3582 libri
319 3533 339 3581 I.
358 3532 443 3581 Berol.
473 3533 537 3580 1885
566 3548 590 3594 p.
608 3533 637 3593 43
655 3531 690 3578 M.
710 3530 788 3578 Hertz
806 3530 824 3578 1.
844 3546 875 3594 c.‚
893 3546 918 3594 p.
936 3529 1013 3592 VIII3
1045 3527 1141 3591 Grysar
1160 3529 1190 3576 T.
1208 3528 1278 3576 Livii

103 3619 135 3669 ab
154 3619 217 3668 urbe
236 3618 341 3668 condita
359 3618 484 3666 librorum
502 3623 588 3679 parles
607 3615 652 3664 sel.
671 3631 695 3679 p.
715 3615 746 3663 X.

202 3703 268 3751 *Οἱ
287 3704 347 3751 Lir.
367 3703 410 3764 IV,
430 3706 494 3768 ¹20‚7;
512 3701 620 3750 Tacitus
639 3701 705 3750 Ann.
724 3699 770 3762 1V,
788 3703 861 3767 trinu.

184 3783 323 3831 ‘Sueten
350 3786 442 3835 Claud.
463 3789 506 3836 41.
