2738 4146
339 115 447 166 niune
465 118 485 166 1.
506 118 582 169 eae.
600 122 642 170 re.
662 122 695 169 to
725 118 758 186 [a.
778 120 810 171 u.
829 137 851 172 ο.
870 119 1027 186 eto-2441.
1227 106 1266 164 43

87 296 220 368 vocant,
256 308 319 372 quo
344 310 455 352 amens
483 289 680 373 agitantibus
713 289 803 354 iuriis
826 293 947 355 sororis
969 312 1008 355 ac
1029 293 1091 355 viri
1112 290 1219 356 Tullia

89 374 273 459 perpatris
299 395 416 461 corpus
441 390 630 461 carpentum
664 379 769 460 egisse
796 379 899 441 fertur
930 387 1122 463 partemque
1146 399 1217 440 san-

88 460 195 542 guinis
227 481 266 522 ao
304 461 414 524 caedis
452 479 605 545 paternae
643 472 775 527 cruento
805 463 967 545 vehiculo,
1005 465 1220 527 contaminata

88 547 161 629 ipsa
182 567 407 631 respersaque,
432 547 542 611 tulisse
560 549 600 611 ad
616 560 752 633 penates
769 571 846 613 suos
871 551 999 635 virique
1015 551 1074 628 sui,
1099 549 1217 634 quibus

87 631 179 694 iratis
202 631 287 697 malo
310 635 401 716 regni
426 634 584 720 principio
602 635 721 699 similes
737 657 840 720 prope
861 635 947 699 diem
971 637 1076 699 exitus
1100 657 1214 720 seque·
1240 649 1256 698 8

89 725 213 781 rentur.

195 802 326 868 Servius
342 802 468 868 Tullius
483 806 632 888 regnavit
654 827 755 870 annos
779 815 932 891 quattuor
947 815 979 869 et
1002 805 1219 890 quadraginta

89 889 144 966 ita,
178 899 213 952 ut
245 889 330 954 bono
363 891 460 953 etiam
491 891 727 976 moderatoque
759 891 945 956 succedenti
977 893 1046 974 regi
1080 890 1218 955 difficilis

34 1029 37 1032 ,
89 973 262 1038 aemulatio
297 984 393 1040 esset.
427 984 569 1040 ceterum
605 977 640 1040 id
673 999 803 1063 quoque
835 977 878 1040 ad
911 976 1048 1062 gloriam
1071 979 1217 1058 accessit,

90 1061 179 1144 quod
203 1083 276 1125 cum
299 1061 354 1127 illo
378 1060 475 1125 simul
496 1063 575 1126 iuste·
612 1085 650 1126 ac
673 1062 818 1148 legitima
840 1085 941 1146 regna
963 1063 1161 1127 occiderunt.
1185 1064 1215 1126 id
1237 1079 1253 1125 9

89 1146 198 1230 ipsum
221 1157 286 1211 tam
310 1149 387 1212 mite
410 1169 449 1211 ac
472 1156 537 1210 tam
560 1150 766 1214 moderatum
797 1151 968 1234 imperium
991 1160 1110 1231 tamen,
1143 1151 1219 1234 quia

89 1233 186 1297 unius
210 1243 305 1316 esset,
340 1235 503 1318 deponere
527 1256 600 1298 eum
624 1236 657 1298 in
679 1237 785 1299 animo
809 1235 963 1300 habuisse
987 1235 1118 1321 quidam
1143 1257 1217 1298 auc-

89 1326 179 1382 tores
202 1331 286 1393 sunt,
319 1321 353 1383 ni
375 1319 481 1383 scelus
513 1321 700 1385 intestinum
723 1320 913 1385 liberandae
936 1323 1061 1406 patriae
1085 1320 1219 1385 consilia

90 1406 225 1485 agitanti
247 1407 483 1470 intervenisset.
1241 1410 1242 1413 ’

176 1490 299 1555 XLIX.
323 1490 405 1554 Inde
420 1490 459 1554 L.
475 1490 670 1577 Tarquinius
688 1513 825 1574 regnare
842 1493 976 1575 occepit,
1001 1494 1054 1556 cui
1069 1491 1218 1577 Superbo
1239 1509 1252 1554 1

92 1597 272 1658 cognomen
305 1576 391 1640 facta
417 1577 614 1658 indiderunt,
648 1580 724 1663 quia
749 1597 896 1641 socerum
925 1600 1026 1660 gener
1053 1577 1219 1662 sepultura

90 1661 268 1746 prohibuit,
302 1661 475 1726 Romulum
508 1685 638 1769 quoque
670 1661 866 1748 insepultum
902 1666 1025 1748 perisse
1059 1665 1218 1745 dictitans,

92 1749 319 1848 primoresque
333 1758 474 1835 patrum,
490 1770 571 1832 quos
585 1750 679 1812 bervi
694 1749 792 1813 rebus
807 1749 926 1813 favisse
942 1749 1107 1831 credebat,
1123 1751 1218 1813 inter·
1239 1767 1254 1813 2

91 1834 185 1914 lecit;
209 1837 358 1899 conscius
382 1834 500 1897 deinde
522 1835 606 1899 male
629 1835 808 1920 quaerendi
830 1836 921 1918 regni
949 1835 989 1899 ab
1014 1837 1140 1920 seipso
1164 1835 1219 1898 ad·

90 1941 205 1984 versus
239 1944 274 1984 se
308 1920 494 2006 exemplum
527 1921 599 2004 oapi
628 1943 735 2004 posse,
770 1923 901 1985 armatis
933 1943 1050 2007 eorpus
1085 1922 1218 1985 circum·

90 2007 229 2092 saepsit3
264 2028 371 2092 neque
402 2008 487 2070 enim
514 2007 556 2070 ad
584 2009 632 2070 ius
660 2007 752 2090 regni
784 2008 958 2094 quicquam
991 2018 1122 2093 praeter
1152 2008 1254 2072 vim3

90 2090 243 2173 habebat,
266 2102 304 2156 ut
319 2093 374 2179 qui
389 2114 496 2178 neque
512 2092 624 2177 populi
640 2095 730 2157 iussu
745 2115 852 2178 neque
868 2094 1055 2157 auctoribus
1072 2092 1218 2174 patribus
1262 2097 1264 2102 ’

90 2187 253 2260 regnaret.
293 2201 333 2244 eo
367 2177 554 2260 accedebat,
588 2192 624 2243 ut
654 2181 687 2242 in
719 2181 853 2242 caritate
885 2181 1003 2242 civium
1034 2178 1115 2243 nihil
1148 2179 1255 2263 speit

45 2289 48 2294 ·
88 2265 263 2349 reponenti
284 2273 374 2327 metu
397 2286 533 2348 regnum
556 2265 726 2328 tutandum
755 2274 849 2328 esset.
883 2286 979 2351 quem
1006 2276 1042 2329 ut
1069 2262 1217 2351 pluribus

88 2349 260 2432 incuteret,
285 2351 486 2434 cognitiones
504 2350 689 2436 capitalium
711 2373 820 2414 rerum
844 2351 912 2414 siue
935 2349 1075 2415 consiliis
1099 2373 1158 2436 per
1181 2372 1216 2414 se

88 2433 178 2499 solus
207 2436 385 2500 exercebat
412 2457 537 2521 perque
569 2459 639 2500 eam
673 2457 801 2499 eausam
834 2436 994 2516 occidere,
1026 2438 1058 2498 in
1085 2435 1252 2504 exiliums

89 2541 199 2604 agere,
223 2522 317 2586 bonis
340 2520 478 2586 multare
494 2532 621 2606 poterat
637 2543 701 2585 non
718 2531 886 2606 suspectos
901 2522 998 2585 modo
1016 2531 1071 2584 aut
1085 2522 1216 2603 invisos,

93 2607 152 2669 sed
175 2608 263 2673 unde
279 2607 358 2671 nihil
375 2606 459 2671 aliud
471 2630 568 2693 quam
582 2608 734 2692 praedam
752 2629 884 2693 sperare
897 2617 1017 2693 posset.
1042 2608 1217 2692 praecipue
1237 2632 1252 2679 6

88 2692 137 2755 ita
159 2703 290 2778 patrum
312 2716 448 2758 numero
471 2695 640 2758 imminuto
657 2695 769 2757 statuit
791 2692 895 2756 nullos
917 2694 1074 2776 inpetres
1097 2692 1215 2778 legere,
1290 2753 1291 2756 ,

90 2799 157 2862 quo
182 2791 309 2844 contem
335 2781 399 2843 tior
420 2781 584 2864 paucitate
606 2781 678 2865 ipsa
701 2778 781 2843 ordo
805 2788 891 2843 esset
908 2779 1079 2865 minusque
1101 2802 1161 2864 per
1183 2801 1215 2842 se

90 2862 171 2927 nihil
194 2867 247 2950 agi
270 2803 524 2949 indignarentur.
553 2864 607 2928 hic
630 2866 713 2929 enim
737 2887 850 2948 regum
874 2866 997 2950 primus
1020 2866 1175 2929 traditum
1199 2887 1217 2928 a

87 2949 255 3035 prioribus
287 2974 411 3015 morem
447 2952 487 3014 de
520 2951 667 3015 omnibus
705 2963 851 3016 senatum
889 2950 1076 3014 consulendi
1111 2949 1250 3024 solvit?

88 3035 278 3101 domesticis
317 3037 458 3100 consiliis
495 3059 564 3101 rem
602 3035 766 3122 publicam
803 3038 1050 3115 administravit,
1083 3035 1214 3109 bellum,

84 3143 212 3207 pacem,
242 3123 385 3204 foedera,
419 3124 592 3187 societates
621 3145 680 3208 per
703 3145 737 3186 se
760 3124 839 3206 ipse,
868 3145 941 3186 cum
965 3120 1082 3207 quibus
1105 3119 1215 3199 voluit,

84 3208 212 3272 iniussu
234 3208 347 3295 populi
376 3231 414 3272 ae
437 3221 566 3272 senatus
593 3208 669 3273 lecit
698 3209 900 3293 diremitque.
938 3207 1128 3271 Latinorum
1156 3206 1251 3270 sibi8

86 3295 232 3359 maxime
266 3305 394 3378 gentem
424 3293 625 3373 conciliabat,
657 3303 694 3357 ut
724 3295 906 3377 peregrinis
939 3315 1068 3379 quoque
1100 3291 1216 3376 opibus

84 3382 189 3444 tutior
210 3382 295 3445 inter
318 3382 407 3444 cives
424 3390 518 3463 esset,
541 3403 648 3466 neque
665 3379 806 3464 hospitia
818 3381 914 3444 modo
929 3403 1002 3442 eum
1018 3376 1213 3463 primoribus

84 3488 211 3541 eorum,
244 3467 302 3532 sed
331 3466 513 3531 adfinitates
545 3489 675 3552 quoque
702 3465 866 3550 iungebat.
906 3464 1043 3529 Octavio
1073 3463 1251 3528 Mamilioo

83 3552 274 3617 Tusculano
298 3591 339 3601 -
363 3552 391 3616 is
408 3553 503 3635 longe
518 3554 671 3637 princeps
683 3551 791 3614 Latini
806 3553 942 3615 nominis
967 3559 1046 3630 erat,
1070 3552 1096 3614 si
1111 3550 1216 3614 famae

84 3639 261 3717 credimus,
293 3639 335 3703 ab
367 3637 463 3702 Ulixe
496 3638 622 3722 deaque
652 3636 748 3700 Circa
776 3637 929 3700 oriundus
951 3673 994 3683 -
1021 3638 1051 3700 ei
1073 3635 1215 3700 Mamilio
1331 3716 1333 3720 ι

81 3723 184 3789 filiam
209 3735 346 3809 nuptum
375 3725 430 3788 dat
453 3745 578 3809 perque
603 3746 657 3788 eas
680 3724 810 3809 nuptias
832 3721 956 3786 multos
977 3721 1049 3786 s'lot
1072 3729 1240 3798 cognatos

81 3811 274 3896 amicosque
297 3812 365 3875 eius
389 3809 548 3876 conciliat.
