2738 4146
326 138 580 190 cranemere.
599 139 638 190 1e.
659 141 698 189 rr.
718 137 752 206 [a.
770 139 803 189 n.
822 155 844 189 a
863 139 1016 207 are-asa}
1224 127 1265 186 67

88 313 131 374 ad
146 309 317 374 Romanos.
340 331 480 395 namque
503 310 609 372 Attius
625 308 772 388 Clausus,
797 311 848 373 cui
869 321 984 393 postea
1000 310 1061 394 Ap.
1078 308 1215 374 Claudio
1235 329 1267 378 4,

88 398 150 460 fuit
174 396 296 458 Rornae
323 416 454 467 nomen,
483 417 556 458 cum
584 397 674 480 pacis
705 397 776 481 ipse
808 404 920 459 auctor
948 418 967 458 a
993 395 1215 459 turbatoribus

88 481 168 546 belli
192 490 394 565 premeretur
415 502 475 543 neo
502 503 561 564 par
583 480 715 543 factioni
744 490 839 560 esset,
870 480 910 544 ab
934 479 1069 564 Regillo,
1097 502 1216 563 magna

91 567 256 631 clientium
273 566 441 628 comitatus
464 588 569 642 manu,
593 566 729 629 Romam
744 566 925 643 transfugit.
945 566 993 628 his
1010 568 1124 630 civitas
1141 567 1216 629 data

89 674 233 736 agerque
256 659 344 713 trans
363 651 537 714 Anienem:
560 661 654 715 vetus
678 650 813 717 Claudia
835 651 938 715 tribus
961 651 1079 716 additis
1102 661 1253 737 posteat

89 739 182 802 novis
205 735 387 807 tribulibus,
411 738 531 822 quiex
554 759 591 801 eo
607 736 756 800 venirent
777 759 864 818 agro,
888 737 1061 822 appellata.
1085 737 1213 822 Appius

90 826 175 887 inter
197 832 306 907 patres
329 820 430 885 lectus
456 820 543 885 haud
566 824 611 885 ita
626 822 727 885 multo
751 833 825 907 post
847 824 879 886 in
896 825 1079 907 principum
1102 824 1213 906 digna-

89 912 212 973 tionem
228 908 386 991 pervenit.
411 905 557 971 consules
578 908 694 972 infesto
713 910 858 972 exercitu
875 910 908 970 in
930 930 1042 991 agrum
1057 907 1216 972 Sabinum
1236 929 1253 978 e

90 993 228 1080 profecti
256 1015 327 1055 cum
353 994 398 1055 ita
424 995 612 1075 vastatione,
647 993 722 1056 dein
752 992 875 1078 proelio
902 994 1104 1057 adflixissent
1132 1015 1212 1079 opes
1303 1041 1305 1045 .

90 1081 241 1156 hostium,
269 1088 305 1141 ut
330 1079 384 1140 diu
411 1076 490 1140 nihil
517 1078 592 1155 inde
615 1077 799 1141 rebellionis
826 1080 930 1142 timeri
957 1089 1078 1164 posset,
1105 1080 1214 1143 trium·

90 1166 228 1248 phantes
260 1164 396 1226 Romam
422 1164 597 1227 redierunt.
629 1163 666 1226 P.
690 1163 848 1245 Valerius,
884 1166 1024 1227 omnium
1056 1185 1250 1235 consensus

114 1254 243 1335 rinceps
265 1247 341 1312 belli
363 1252 518 1334 pacisque
541 1249 674 1330 artibus,
697 1271 780 1313 anno
803 1259 877 1334 post
897 1249 1053 1334 Agrippa,
1066 1249 1214 1313 Menenio

43 1407 47 1413 ,
90 1274 127 1399 P
144 1335 310 1399 Postumio
336 1333 519 1398 consulibus
541 1336 686 1415 moritur,
716 1334 819 1417 gloria
843 1337 974 1418 ingenti,
1005 1337 1104 1419 copiis
1124 1335 1214 1398 fami·

90 1420 224 1484 liaribus
240 1420 321 1483 adeo
338 1422 472 1503 exiguis,
483 1430 519 1483 ut
534 1420 638 1484 funeri
653 1431 798 1504 sumptus
809 1421 951 1485 deesset:
968 1419 1008 1483 de
1024 1418 1151 1504 publico
1166 1430 1215 1484 est

90 1508 196 1570 datus.
212 1503 326 1568 luxere
345 1515 510 1568 matronae
526 1515 562 1568 ut
577 1505 721 1569 Brutum.
740 1506 854 1569 eodem
871 1527 953 1569 anno
970 1506 1053 1569 duae
1070 1505 1215 1570 coloniae
1235 1530 1253 1578 a

90 1591 236 1667 Latinae,
247 1591 395 1654 Pometia
411 1600 443 1654 et
453 1588 545 1662 Cora,
557 1592 597 1653 ad
608 1590 778 1654 Auruncos
790 1590 954 1657 deficiunt.
971 1614 1043 1655 cum
1052 1589 1215 1655 Auruncis
1228 1617 1231 1622 ·

90 1676 213 1741 bellum
236 1677 359 1756 initum,
374 1677 513 1761 fusoque
528 1678 650 1760 ingenti
667 1678 821 1755 exercitu,
838 1679 893 1762 qui
908 1699 943 1741 se
958 1677 1214 1759 ingredientibus

90 1764 172 1826 fines
198 1760 385 1825 consulibus
407 1761 558 1844 ferociter
585 1760 755 1840 obtulerat,
780 1784 874 1827 omne
888 1761 1078 1825 Auruncum
1093 1760 1215 1826 bellum

91 1848 272 1930 Pometiam
295 1846 486 1931 conpulsum
506 1851 567 1910 est.
592 1869 652 1912 nec
674 1849 775 1932 magis
797 1857 872 1932 post
886 1846 1046 1931 proelium
1063 1870 1160 1933 quam
1181 1848 1253 1921 ino

91 1931 214 2020 proelio
240 1932 392 1995 caedibus
416 1942 634 2018 temperatum
658 1941 721 1995 est:
746 1941 779 1996 et
803 1934 888 1996 caesi
916 1932 1079 2017 aliquanto
1103 1932 1214 2017 plures

92 2026 185 2083 erant
207 2039 304 2103 quam
329 2019 424 2104 capti,
450 2028 482 2081 et
498 2028 610 2102 captos
625 2019 744 2102 passim
761 2018 1019 2099 trucidaverunt3
1043 2041 1083 2080 ne
1100 2017 1140 2081 ab
1158 2018 1214 2082 ob·

91 2103 217 2168 sidibus
240 2102 380 2187 quidem,
406 2105 459 2189 qui
483 2104 618 2166 trecenti
637 2105 763 2187 accepti
784 2125 918 2166 numero
942 2106 1043 2183 erant,
1067 2105 1114 2166 ira
1136 2102 1215 2166 belli

89 2189 254 2253 abstinuit.
280 2197 312 2251 et
326 2188 388 2251 boc
411 2210 492 2252 anno
514 2188 636 2251 Romae
658 2188 899 2273 triumphatum.

196 2272 304 2337 XVII.
334 2272 442 2337 Secuti
473 2272 620 2337 consules
655 2273 771 2359 Opiter
798 2273 969 2356 Verginius
998 2273 1052 2359 sp.
1083 2272 1249 2337 Cassiusl

89 2360 272 2423 Pometiam
294 2361 399 2443 primo
421 2359 463 2440 vi,
492 2360 608 2422 deinde
631 2360 733 2422 vineis
756 2357 891 2442 aliisque
915 2359 1067 2443 operibus
1092 2381 1214 2444 oppug-

91 2456 218 2508 narunt.
251 2446 283 2506 in
309 2466 389 2529 quos
422 2442 569 2517 Aurunci
596 2445 696 2527 magis
718 2445 782 2507 iam
804 2442 992 2528 inexpiabili
1016 2444 1089 2506 odio
1118 2462 1250 2528 quam2

89 2552 151 2615 spe
174 2529 281 2614 aliqua
302 2541 357 2592 aut
379 2532 546 2594 occasione
569 2532 672 2593 coorti
693 2551 766 2592 oum
788 2528 896 2614 plures
920 2530 985 2612 igni
1008 2550 1104 2614 quam
1127 2529 1212 2593 ferro

91 2616 208 2677 armati
235 2617 504 2692 excucurrissent,
539 2615 636 2678 caede
663 2613 879 2698 incendioque
911 2624 1026 2677 cuncta
1053 2613 1212 2698 conplent.
1304 2647 1311 2656 ·

90 2703 196 2764 vineis
218 2701 365 2781 incensis,
388 2699 496 2764 multis
519 2700 658 2763 hostium
675 2699 851 2764 vulneratis
867 2709 899 2764 et
914 2701 1028 2763 occisis
1044 2699 1214 2763 consulum
1233 2720 1250 2768 3

90 2807 224 2870 quoque
247 2784 382 2849 alterum
396 2785 511 2849 —sed
528 2796 644 2866 utrum,
666 2795 813 2849 auctores
829 2806 893 2848 non
909 2785 1051 2848 adiciunt
1064 2821 1109 2831 -
1122 2786 1214 2868 gravi

89 2870 226 2936 vulnere
249 2892 291 2933 ex
313 2892 396 2957 equo
422 2872 584 2935 deiectum
599 2893 702 2956 prope
724 2870 963 2950 interfecerunt.
986 2870 1123 2935 Romam
1138 2871 1214 2935 inde

90 2954 177 3018 male
201 2966 291 3039 gesta
312 2980 348 3020 re
370 2956 519 3019 reditum.
541 2957 626 3019 inter
647 2956 764 3021 multos
788 2957 914 3020 saucios
942 2955 1055 3026 consul
1082 2978 1140 3040 spe
1167 2956 1213 3019 in·
1234 2964 1252 3013 4

91 3051 181 3105 certa
207 3042 292 3104 vitae
318 3041 449 3106 relatus.
486 3043 654 3106 interiecto
688 3041 804 3105 deinde
836 3042 923 3105 haud
951 3063 1068 3123 magno
1097 3043 1213 3127 spatio,

89 3127 179 3212 quod
195 3125 382 3191 vulneribus
405 3129 555 3191 curandis
579 3127 826 3213 supplendoque
849 3128 1004 3192 exercitui
1020 3129 1097 3190 satis
1117 3137 1212 3209 esset,

91 3235 167 3276 eum
199 3212 248 3275 ira
279 3215 401 3277 maiore
432 3213 619 3277 bellantium
652 3224 720 3276 tum
751 3212 874 3277 viribus
902 3214 998 3275 etiam
1025 3213 1126 3276 auctis
1152 3212 1213 3276 Po·

87 3299 209 3361 metiae
232 3319 321 3361 arma
341 3297 449 3362 inlata.
473 3309 592 3361 etcum
608 3298 710 3363 vineis
726 3298 854 3362 refectis
877 3297 1005 3383 aliaque
1028 3295 1112 3360 mole
1135 3297 1213 3361 belli
1232 3307 1248 3356 ὅ
1347 3312 1350 3316 ’

88 3385 154 3446 ism
180 3384 213 3445 in
242 3405 279 3447 eo
308 3394 401 3460 esset,
430 3394 466 3448 ut
492 3385 524 3446 in
555 3406 664 3448 muros
693 3384 849 3447 evaderet
879 3383 980 3462 miles,
1010 3383 1131 3446 deditio
1164 3393 1214 3447 est
1242 3393 1244 3396 ⁴

86 3469 182 3532 facta.
207 3479 350 3533 ceterum
365 3470 465 3533 nihilo
481 3471 585 3532 minus
603 3470 699 3533 foeda
715 3469 825 3533 dedita
840 3468 931 3550 urbe,
956 3491 1052 3554 quam
1075 3469 1101 3532 si
1117 3478 1213 3553 capta
1234 3481 1251 3528 o

86 3555 181 3635 foret,
200 3553 352 3618 vAurunci
374 3557 474 3638 passi:
507 3556 669 3640 principes
688 3555 798 3622 ¹securi
820 3554 975 3638 percussi,
1005 3552 1064 3616 sub
1093 3575 1213 3618 corona

86 3641 258 3704 venierunt
285 3639 391 3704 coloni
420 3640 487 3721 alii3
525 3641 680 3724 oppidum
709 3640 865 3715 dirutum,
894 3661 971 3722 ager
1000 3640 1108 3703 veniit.
1138 3653 1249 3702 con-t

84 3722 174 3789 eules
196 3727 299 3808 magis
327 3725 369 3791 ob
395 3727 460 3790 iras
483 3728 625 3808 graviter
651 3725 734 3789 ultas
763 3747 861 3812 quam
888 3725 931 3788 ob
958 3725 1235 3804 magnituffimem

85 3811 225 3897 perfecti
248 3809 325 3874 belli
348 3811 598 3900 triumpharunt.
1178 3890 1220 3940 B*
