2738 4146
387 145 497 195 LIBER
515 145 587 195 XXI.
607 144 684 196 CAP.
702 148 726 195 9.
746 147 786 195 10.
806 143 840 213 [a.
858 144 892 196 U.
910 161 933 196 c.
951 143 1021 213 5361.
1223 132 1283 190 115

91 318 217 383 audire.
240 315 421 404 apparebat
441 338 505 381 non
525 315 685 380 admissos
707 316 853 402 protinus
870 315 1100 398 Carthaginem
1117 317 1229 383 ituros.
1249 335 1268 385 4

91 403 215 468 litteras
253 403 351 486 igitur
386 404 580 488 nuntiosque
619 402 660 466 ad
695 401 858 489 principes
892 402 1039 467 factionis
1071 402 1231 469 Barcinae

91 489 279 578 praemittit,
306 498 344 553 ut
374 498 607 574 praepararent
637 510 770 552 suorum
803 489 936 572 animos,
968 510 1009 551 ne
1041 489 1118 574 quid
1153 514 1230 576 pars

90 575 196 641 altera
217 572 394 658 gratificari
415 572 537 661 populo
559 573 704 639 Romano
726 583 845 661 posset.

196 660 240 724 X.
263 661 387 746 Itaque,
418 669 646 746 praeterquam
676 660 763 746 quod
796 660 929 725 admissi
955 660 1122 747 auditique
1145 672 1263 745 sunt,1

91 770 133 812 ea
156 769 286 833 quoque
308 769 394 810 vana
417 755 513 832 atque
535 746 631 810 inrita
657 745 775 829 legatio
806 745 874 810 fuit.
908 744 1028 811 Hanno
1059 770 1142 813 unus
1175 748 1264 817 ada

90 854 209 898 versus
232 841 380 897 senatum
402 854 535 897 causam
555 831 697 896 foederis
719 854 836 914 magno
860 831 986 897 silentio
1005 842 1139 920 propter
1154 856 1228 899 auo·

91 921 257 985 toritatem
279 941 381 1000 suam,
404 939 469 983 non
492 941 567 983 cum
590 919 730 982 adsensu
753 917 954 982 audientium
974 919 1049 1002 egit,
1072 941 1132 1005 per
1148 919 1227 984 deos
1248 935 1264 985 a

91 1005 265 1071 foederum
288 1003 428 1069 arbitros
450 1026 490 1069 ao
511 1012 610 1069 testes
634 1012 781 1069 senatum
797 1002 973 1083 obtestans,
989 1026 1031 1067 ne
1045 1004 1228 1070 Romanum

91 1115 169 1157 cum
191 1089 368 1174 Saguntino
391 1089 585 1155 suscitarent
607 1089 742 1154 bellum:
764 1091 937 1172 monuisse,
959 1091 1163 1176 praedixisse
1179 1114 1225 1173 se,

91 1200 133 1241 ne
156 1175 354 1242 Hamilcaris
369 1176 559 1262 progeniem
573 1175 616 1240 ad
632 1177 811 1240 exercitum
827 1178 1002 1256 mitterent;
1025 1198 1090 1241 non
1106 1200 1227 1260 manes,

53 1303 56 1306 -
92 1286 158 1328 non
190 1263 324 1350 stirpem
355 1265 424 1328 eius
458 1285 519 1327 con
542 1263 690 1327 uiescere
719 1262 789 1341 viri,
828 1285 889 1327 nec
925 1285 1088 1349 umquam,
1121 1263 1227 1329 donec

91 1349 259 1431 sanguinis
293 1349 495 1447 nominisque
521 1285 657 1412 (barcini
688 1348 858 1434 quisquam
890 1349 1040 1434 supersit,
1079 1350 1265 1435 quieturas

91 1435 241 1500 Romana
255 1434 398 1499 foedera.
411 1456 583 1519 ,iuvenem
597 1433 788 1517 flagrantem
804 1458 843 1499 cu
869 1434 955 1498 idine
970 1435 1062 1518 regni
1077 1437 1227 1521 viamque

92 1521 191 1586 unam
215 1521 256 1585 ad
279 1521 312 1583 id
336 1529 531 1601 cernentem,
555 1521 583 1585 si
606 1542 649 1584 ex
671 1518 765 1584 bellis
788 1458 875 1584 belll
889 1520 1027 1586 serendo
1044 1523 1227 1587 succinctus

91 1608 192 1672 armis
214 1605 463 1693 legionibusque
484 1607 583 1689 vivat,
614 1603 706 1670 velut
735 1608 902 1671 materiam
933 1607 1000 1688 igni
1030 1606 1227 1693 praebentes

92 1693 134 1758 ad
159 1695 324 1758 exercitus
346 1693 487 1757 misistis.
511 1690 634 1757 aluistis
657 1713 735 1774 ergo
759 1691 822 1757 boc
844 1693 1038 1774 incendium,
1062 1715 1125 1779 quo
1141 1716 1226 1759 nuno

93 1779 227 1844 ardetis.
265 1777 445 1862 Saguntum
472 1779 574 1843 vestri
604 1778 843 1843 circumsedent
870 1780 1043 1854 exercitus,
1066 1779 1153 1843 unde
1176 1801 1225 1843 ar·
1247 1797 1263 1845 a

91 1874 209 1930 centur
228 1863 377 1939 foedere3
400 1886 479 1929 mox
501 1861 732 1947 Carthaginem
754 1863 1040 1929 circumsedebunt
1062 1865 1226 1929 Romanae

93 1951 240 2035 legiones
272 1949 410 2015 ducibus
443 1949 559 2015 iisdem
592 1950 651 2031 dis,
681 1972 741 2035 per
772 1973 853 2037 quos
886 1951 995 2037 priore
1023 1949 1109 2016 bello
1132 1962 1228 2037 rupta

92 2037 229 2102 foedera
250 2047 325 2100 sunt
344 2035 412 2101 ulti.
435 2045 544 2101 utrum
566 2034 693 2100 hostem
715 2058 757 2100 an
778 2059 837 2101 vos
860 2059 901 2101 an
923 2037 1085 2101 fortunam
1107 2038 1224 2101 utrius·
1247 2058 1262 2105 6

91 2144 168 2222 que·
205 2121 318 2209 populi
361 2119 538 2220 ignoratis?
589 2119 714 2204 legatos
759 2120 801 2186 ab
848 2123 943 2187 sociis
980 2134 1012 2187 et
1035 2146 1099 2271 pro
1131 2124 1227 2188 sociis

92 2218 263 2273 vementes
285 2207 390 2273 bonus
412 2217 588 2306 imperator
609 2217 719 2272 vester
744 2208 776 2271 in
799 2219 905 2273 castra
925 2230 989 2274 non
1013 2231 1033 2273 a
1057 2210 1152 2293 misit,
1174 2211 1224 2275 ius

91 2295 239 2379 gentium
260 2292 403 2372 sustulit3
437 2293 470 2356 hr
491 2303 611 2376 tamen,
633 2293 721 2358 unde
742 2316 784 2357 ne
806 2293 949 2360 hostium
972 2295 1106 2380 quidem
1128 2293 1226 2376 legati

91 2389 255 2460 arcentur,
278 2379 426 2467 pulsiad
449 2401 509 2444 nos
531 2388 704 2459 venerunt3
737 2402 789 2444 res
822 2403 864 2444 ex
894 2380 1029 2445 foedere
1060 2390 1224 2467 repetunt;

91 2475 129 2531 ut
158 2465 294 2554 publica
322 2466 412 2531 fraus
444 2464 537 2548 absit,
572 2475 738 2530 auctorem
770 2465 885 2552 culpae
914 2476 947 2529 et
968 2488 1061 2531 reum
1082 2467 1226 2531 criminis

91 2553 283 2639 deposcunt
321 2574 386 2638 quo
415 2550 521 2637 lenius
552 2561 661 2634 agunt,
694 2553 823 2635 segnius
860 2553 1026 2639 incipiunt,
1064 2574 1114 2632 eo,
1152 2575 1260 2622 cumr

91 2639 270 2726 coeperint,
293 2659 412 2703 vereor
432 2659 473 2701 ne
512 2639 750 2702 erraverantius
766 2638 921 2703 saeviant.
945 2637 1089 2721 Aegates
1104 2637 1225 2703 insulas

90 2723 302 2810 Erycemque
325 2732 400 2789 ante
423 2745 463 2790 oc
499 2745 535 2789 os
557 2725 740 2810 proponite,
773 2746 856 2810 quae
887 2733 976 2789 terra
997 2725 1144 2811 marique
1166 2748 1226 2811 per

91 2820 249 2898 quattuor
271 2819 303 2874 et
325 2810 441 2894 viginti
461 2831 562 2875 annos
583 2811 672 2897 passi
694 2811 772 2873 sitis.
796 2833 857 2875 nec
878 2832 961 2897 puer
983 2810 1037 2875 hic
1061 2811 1224 2894 duxerat,

90 2897 151 2960 sed
183 2906 277 2983 pater
307 2896 378 2983 ipse
410 2895 586 2976 Hamilcar,
620 2895 709 2959 Mars
741 2893 832 2977 alter,
866 2905 903 2961 ut
929 2897 982 2960 isti
1006 2897 1128 2962 volunt.
1168 2898 1262 2968 sede

88 2982 244 3062 Tarento,
267 2980 302 3045 id
325 2991 375 3046 est
396 2979 499 3063 Italia,
531 3003 597 3046 non
619 2981 879 3047 abstinueramus
903 3005 945 3047 ex
967 2983 1109 3065 foedere,
1144 2985 1227 3049 sicut

88 3090 177 3133 nunc
200 3066 344 3151 Sagunto
366 3088 431 3133 non
454 3067 662 3153 abstinemus.
686 3068 834 3133 vicerunt
856 3090 934 3152 ergo
959 3068 992 3132 di
1015 3068 1171 3150 homines,
1193 3079 1225 3134 et
1246 3093 1261 3140 s

89 3154 133 3236 id,
159 3155 202 3218 de
225 3176 289 3240 quo
311 3153 422 3218 verbis
445 3153 682 3238 ambigebatur,
704 3162 777 3219 uter
790 3153 931 3241 populus
945 3154 1060 3219 foedus
1075 3157 1226 3240 rupisset,

90 3249 228 3305 eventus
251 3237 327 3304 belli
345 3239 433 3305 velut
447 3262 570 3327 aequus
585 3240 695 3324 iudex,
711 3240 798 3305 unde
814 3241 863 3306 ius
880 3239 996 3323 stabat,
1013 3243 1042 3304 ei
1057 3241 1226 3306 victoriam

89 3326 191 3391 dedit.
215 3324 403 3410 Carthagini
425 3348 512 3392 nunc
535 3324 698 3391 Hannibal
721 3327 834 3390 vineas
856 3336 1028 3413 turresque
1056 3326 1278 3410 admovet310

89 3409 296 3494 Carthaginis
328 3413 457 3477 moenia
488 3413 591 3498 quatit
622 3413 735 3476 ariete:
771 3411 905 3496 Sagunti
926 3416 1039 3477 ruinae
1060 3449 1104 3458 —
1125 3411 1225 3478 falsus

89 3501 214 3564 utinam
237 3507 328 3561 vates
351 3499 411 3563 sim
438 3533 470 3544 —
497 3500 614 3564 nostris
631 3497 790 3585 capitibus
805 3498 957 3581 incident,
974 3508 1225 3586 susceptumque

88 3605 164 3649 cum
174 3582 363 3668 Saguntinis
373 3581 496 3649 bellum
511 3583 699 3650 habendum
714 3607 789 3650 oum
801 3583 953 3650 Romanis
969 3594 1027 3650 ost.
1047 3586 1225 3666 „dedemus
1244 3612 1278 3659 11

89 3690 167 3754 ergo
191 3667 451 3734 Hannibalem?“
491 3669 577 3735 dicet
600 3669 724 3757 aliquis.
749 3672 816 3735 scio
838 3693 945 3736 meam
969 3668 1076 3736 levem
1100 3694 1171 3735 esse
1193 3674 1226 3737 in

89 3777 127 3821 eo
150 3756 377 3823 auctoritatem
397 3765 531 3843 propter
552 3765 705 3842 paternas
736 3757 934 3838 inimicitiam
966 3757 1028 3821 sed
1049 3767 1086 3822 et
1101 3757 1238 3819 Hariih·

89 3862 199 3909 caram
221 3863 262 3908 eo
283 3843 408 3927 perisse
429 3840 568 3908 laetatus
590 3866 673 3929 sum,
698 3843 799 3934 quod,
822 3843 854 3911 si
871 3843 933 3912 ille
952 3846 1106 3924 uiueret,
1118 3838 1270 3902 *ochum

1127 3939 1165 3990 Q*
