2738 4146
360 158 468 208 LIBER
486 158 570 206 xxn.
590 156 666 206 CAP.
686 161 727 208 39.
749 158 781 225 [a.
802 159 835 210 U.
854 175 876 208 o.
894 160 964 225 5381.
1219 148 1276 205 189

90 329 275 409 consulatu,
298 350 384 391 nune
407 350 536 413 quoque
560 327 680 411 consul,
702 329 891 413 priusquam
916 339 1023 392 eastra
1045 330 1156 393 videat
1172 342 1228 394 aut

91 419 232 496 hostem,
256 415 382 478 insanit.
421 426 454 477 et
485 415 541 500 qui
574 424 681 476 tantas
712 415 777 477 iam
804 435 890 476 nune
915 413 1076 499 procellas
1100 415 1264 501 proelia?

91 516 193 588 atque
216 503 302 565 acies
326 500 477 564 iactando
500 501 584 563 inter
606 510 734 582 togatos
758 501 830 581 ciet,
862 501 940 584 quid
962 502 1047 565 inter
1069 513 1227 565 armatam

89 592 295 654 iuventutem
333 608 447 649 censes
484 585 644 649 facturum
677 597 709 650 et
740 585 796 648 ubi
835 585 999 672 extemplo
1037 610 1089 651 res
1124 588 1227 652 verba

91 673 264 760 seqnitur?
302 673 393 757 atqui
425 673 452 734 si
483 670 546 746 hic,
580 671 667 755 quod
699 671 860 735 facturum
892 694 927 736 se
960 673 1138 756 denuntiat,
1171 690 1261 739 err-8

90 759 217 846 templo
242 758 444 844 pugnaverit,
468 767 524 820 aut
547 778 607 838 ego
631 778 702 820 rem
726 757 908 834 militarem,
932 757 1010 822 belli
1029 759 1094 823 hoe
1110 781 1225 843 genus,

91 849 223 912 hostem
256 846 340 907 hunc
370 843 495 926 ignoro,
528 854 584 906 aut
614 843 755 907 nobilior
782 842 863 907 alius
886 844 1111 910 Trasumenno
1135 846 1261 911 locust

90 934 213 997 nostris
237 929 386 995 cladibus
410 930 480 993 erit.
518 951 580 992 nee
602 929 763 1013 gloriandi
794 940 923 1014 tempus
945 931 1103 996 adversus
1128 953 1226 996 unum

91 1031 152 1100 est,
186 1029 220 1080 et
254 1038 314 1100 ego
348 1016 586 1080 contemnendo
622 1017 729 1100 potius
762 1038 858 1101 quarn
881 1017 1065 1101 adpetendo
1089 1017 1225 1100 gloriam

91 1105 229 1168 modum
261 1104 473 1181 excesserim3
511 1101 569 1164 sed
602 1101 647 1164 ita
678 1124 731 1166 res
759 1123 794 1165 se
817 1101 929 1165 habet:
952 1125 1018 1166 una
1039 1105 1123 1167 ratio
1147 1103 1226 1168 belli

91 1190 232 1274 gerendi
254 1189 412 1252 adversus
428 1186 645 1251 Hannibalem
663 1196 722 1269 est,
746 1209 810 1273 qua
826 1209 886 1272 ego
902 1190 999 1271 gessi.
1014 1211 1075 1255 nee
1090 1199 1226 1254 eventus
1245 1209 1278 1258 10

91 1276 191 1340 inodo
225 1274 288 1338 hoc
321 1274 418 1337 dooet
446 1310 490 1319 -
522 1272 693 1336 stultorum
724 1274 784 1337 iste
818 1275 971 1357 nmgister
1005 1284 1056 1338 est
1083 1311 1133 1358 —,
1166 1277 1226 1339 sed

92 1363 212 1426 cadem
234 1361 327 1441 ratio,
352 1381 436 1444 quae
458 1358 519 1421 fuit
541 1359 724 1443 futuraque,
758 1361 862 1424 donec
883 1381 936 1424 res
960 1361 1095 1425 eaedem
1117 1383 1225 1426 mane-

92 1449 187 1528 bunt,
211 1445 421 1510 immutabilis
445 1456 504 1509 est.
536 1445 568 1507 in
591 1444 686 1508 Italia
708 1443 831 1509 bellum
854 1448 1006 1529 gerimus,
1030 1448 1062 1510 in
1086 1448 1164 1512 sede
1187 1470 1225 1512 ae
1245 1469 1275 1516 11

91 1533 163 1599 solo
186 1543 314 1611 nostro,
347 1532 455 1596 omnia
482 1532 568 1594 circa
590 1530 688 1615 plena
720 1533 838 1596 civium
871 1553 910 1594 ao
942 1535 1104 1597 sociorum
1136 1545 1225 1615 sunt3

92 1620 204 1704 armis,
227 1619 315 1698 viris,
340 1617 442 1702 equis,
466 1615 700 1680 commeatibus
722 1619 833 1681 iuvant
848 1617 1087 1704 iuvabuntque:
1110 1620 1145 1683 id
1160 1621 1224 1682 iam
1244 1642 1277 1689 12

91 1706 170 1769 fidei
215 1704 447 1767 documentum
492 1704 524 1766 in
568 1703 714 1767 adversis
756 1703 855 1767 rebus
892 1706 1011 1768 nostris
1050 1705 1224 1786 dederunt3

92 1792 257 1863 meliores,
289 1789 527 1874 prudentiores,
565 1789 801 1853 constantiores
836 1811 896 1853 nos
926 1800 1055 1874 tempus
1089 1791 1224 1877 diesque

91 1876 189 1959 faoit3,
222 1873 390 1939 Hannibal
412 1884 526 1938 contra
547 1876 581 1937 in
604 1874 718 1956 aliena,
750 1875 784 1937 in
806 1873 917 1940 hostili
939 1885 990 1940 est
1010 1887 1108 1960 terra,
1140 1878 1276 1949 inter13

93 1965 203 2027 omnia
223 1961 354 2025 inimica
375 1960 568 2046 infestaque,
592 1959 704 2045 procul
725 1960 766 2024 ab
785 1961 892 2042 domo,
916 1961 957 2025 ab
973 1964 1093 2047 patria,
1116 1985 1224 2049 neque

92 2048 139 2112 illi
163 2059 252 2112 terra
274 2068 381 2131 neque
402 2048 484 2110 mari
508 2055 557 2110 est
578 2065 661 2130 pax;
699 2046 806 2110 nullae
831 2071 905 2112 eum
926 2047 1026 2112 urbes
1049 2050 1222 2134 accipiunt,

91 2133 183 2198 nulla
205 2133 350 2213 moenia;
371 2131 452 2195 nihil
475 2154 613 2218 usquam
636 2134 686 2196 sui
708 2133 812 2213 videt3
844 2135 878 2197 in
902 2135 988 2198 diem
1010 2146 1104 2220 rapto
1127 2137 1222 2218 vivit3

92 2231 221 2306 partem
243 2220 302 2284 vix
332 2220 462 2282 tertiam
498 2220 660 2282 exercitus
694 2220 763 2282 eius
795 2219 904 2301 habet,
940 2243 1038 2306 quem
1061 2221 1222 2286 Hiberum
1243 2234 1276 2280 14

90 2327 221 2372 amnem
244 2305 387 2386 traiecit3
420 2304 531 2390 plures
553 2304 639 2368 fame
661 2326 759 2388 quam
781 2305 867 2368 ferro
891 2305 1064 2391 absumpti,
1088 2330 1148 2372 nec
1170 2306 1221 2371 his

90 2393 206 2478 paucis
230 2392 295 2454 iam
316 2392 423 2455 victus
456 2391 652 2475 suppeditat.
691 2388 820 2454 dubitas
844 2413 932 2474 ergo,
966 2394 1043 2476 quin
1074 2394 1219 2457 sedendo
1243 2407 1275 2454 15

91 2478 277 2563 superaturi
299 2477 399 2541 simus
422 2499 507 2557 eum,
531 2478 587 2562 qui
609 2486 757 2541 senescat
777 2478 809 2539 in
830 2477 909 2560 dies,
931 2500 997 2541 non
1012 2490 1220 2560 commeatus,

90 2587 158 2628 non
187 2561 460 2648 supplementum,
491 2584 558 2626 non
579 2564 748 2647 pecuniam
773 2562 916 2628 habeat?
954 2585 1052 2649 quam
1084 2564 1140 2628 diu
1163 2588 1221 2649 pro
1242 2580 1274 2628 16

92 2650 261 2728 Gereonii,
284 2647 408 2713 castelli
430 2647 570 2733 Apuliae
600 2649 715 2733 inopis,
747 2659 914 2733 tamquam
936 2671 996 2735 pro
1017 2648 1223 2732 Carthaginis

91 2734 265 2800 moenibus
288 2735 394 2798 sedet!
419 2735 477 2798 sed
492 2757 534 2798 ne
549 2735 706 2799 adversus
722 2744 755 2799 te
771 2736 901 2821 quidem
919 2736 960 2800 de
974 2759 1028 2800 me
1043 2736 1222 2820 gloriabor3

91 2820 253 2886 Servilius
281 2831 379 2904 atque
401 2819 531 2900 Atilius,
563 2822 705 2905 proximi
737 2821 897 2903 consules,
931 2821 1017 2902 vide,
1050 2845 1149 2910 quem
1180 2825 1220 2887 ad
1241 2840 1273 2889 1⁷

90 2908 227 2972 modum
260 2928 334 2970 eum
366 2905 523 2969 ludificati
554 2907 626 2971 sint.
659 2905 746 2982 =haee
776 2930 841 2972 una
874 2906 986 2972 salutis
1016 2920 1065 2972 est
1086 2912 1150 2992 via,
1182 2910 1219 2974 L.

89 2992 203 3077 Paule,
236 3015 332 3080 quam
365 2991 528 3056 difficilem
560 2992 775 3077 infestamque
803 2995 892 3058 cives
915 2995 974 3058 tibi
998 2997 1099 3078 magis
1123 3018 1218 3080 quam

91 3079 204 3144 hostes
225 3078 359 3159 facient3
381 3079 469 3143 idem
492 3079 578 3144 onim
599 3080 657 3160 tui,
682 3080 770 3164 quod
792 3079 936 3144 hostium
959 3080 1077 3144 milites
1094 3081 1218 3162 volent;
1240 3101 1273 3149 18

89 3166 178 3230 idem
201 3164 307 3229 Varro
339 3163 452 3228 consul
477 3164 652 3247 Romanus,
685 3166 774 3251 quod
805 3165 970 3230 Hannibal
1001 3165 1130 3231 Poenus
1160 3169 1219 3231 im·

90 3261 225 3338 perator
260 3251 376 3335 cupiet.
423 3249 549 3314 duobus
592 3250 729 3315 ducibus
773 3275 856 3316 unus
900 3254 1033 3316 resistas
1079 3263 1219 3338 oportet.

88 3338 223 3402 resistes
255 3346 372 3412 autem,
407 3338 435 3401 si
467 3337 625 3402 adversus
655 3336 775 3401 famam
808 3361 1021 3424 rumoresque
1054 3338 1217 3403 hominum
1258 3419 1260 3424 ,

89 3425 169 3489 satis
199 3423 311 3487 firmus
343 3424 480 3505 steteris,
519 3424 546 3487 si
583 3435 616 3487 te
653 3446 759 3510 neque
800 3423 956 3507 conlegae
994 3447 1078 3488 vana
1116 3425 1219 3509 gloria

88 3531 198 3595 neque
220 3519 278 3572 tua
298 3507 380 3573 falsa
401 3508 533 3573 infamia
553 3511 702 3574 moverit.
740 3510 912 3575 veritatem
943 3510 1093 3575 laborare
1125 3513 1219 3576 nimis
1240 3535 1272 3583 19

89 3618 190 3682 saepe
212 3596 311 3677 aiunt,
335 3596 482 3679 extingui
503 3605 694 3681 numquam,
731 3618 849 3660 vanam
883 3596 1019 3680 gloriam
1052 3599 1107 3682 qui
1130 3620 1219 3682 spre-

88 3685 185 3760 verit,
208 3703 322 3747 veram
343 3680 488 3745 habebit.
513 3682 592 3762 sine,
616 3682 764 3746 timidum
788 3704 847 3766 pro
872 3693 977 3761 cauto,
1007 3684 1137 3746 tardum
1160 3707 1219 3771 pro
1239 3711 1272 3758 ρο

89 3769 306 3847 considerato,
342 3767 496 3833 inbellem
527 3790 587 3852 pro
624 3769 730 3853 perito
770 3768 846 3832 belli
883 3777 1012 3834 vocent.
1052 3768 1148 3852 malo,
1186 3781 1219 3835 te

88 3857 218 3942 sapiens
248 3853 350 3919 hostis
381 3863 513 3937 metuat,
546 3876 643 3942 quam
677 3853 769 3920 stulti
806 3857 896 3920 eires
930 3853 1083 3919 laudent.
1119 3858 1236 3916 omma
