2738 4146
88 111 152 170 214
331 123 440 174 urens
456 123 505 173 111.
524 123 601 174 cnr.
619 125 662 175 aa
679 124 721 175 aa
741 121 774 191 [a
791 122 825 175 u.
843 139 866 174 a
885 106 1042 192 aot-sou.

103 334 105 337 ·
140 291 315 380 plebisque
337 315 401 376 res,
425 315 499 358 cum
521 291 661 376 fortuna,
685 293 841 381 quiequid
863 293 1011 379 cupitum
1033 293 1131 374 foret,
1161 303 1266 378 poten·

105 379 231 446 atioris
263 388 358 444 esset.
397 387 430 443 et
459 379 525 442 iam
554 401 596 443 ne
619 389 712 464 tergo
736 380 868 466 quidem
899 377 1141 444 abstinebatur:
1172 380 1267 464 virgis

141 464 236 529 caedi
259 463 325 547 alii,
348 463 403 528 alii
426 465 533 530 securi
548 464 662 548 subici,
686 475 728 548 et,
753 487 795 530 ne
817 466 960 550 gratuita
981 465 1160 530 crudelitas
1175 475 1266 543 esset,

139 549 300 615 bonorum
332 550 462 615 donatio
500 552 593 636 sequi
630 550 751 615 domini
783 550 988 638 supplicium.
1025 550 1089 615 hac
1120 551 1269 616 mercede

140 636 292 702 iuventus
307 635 426 701 nobilis
442 647 598 722 corrupta
619 656 685 701 non
700 637 798 701 modo
820 659 886 702 non
908 638 956 701 ire
971 636 1103 701 obviam
1124 637 1269 719 iniuriae,

140 721 200 786 sed
225 721 402 809 'propalam
432 721 596 786 licentiam
627 743 720 785 suam
753 721 851 787 malle
883 744 981 810 quam
1009 724 1155 787 omnium
1177 721 1269 788 liber·

139 817 250 872 tatem.

103 913 118 961 1
242 892 438 959 XXXVIII.
459 893 539 959 Idus
561 893 669 958 Maiae
691 914 823 958 venere.
845 892 942 957 nullis
965 891 1151 977 subrogatis
1173 895 1271 978 magi·

140 978 294 1043 stratibus
316 981 436 1067 privati
458 1002 518 1064 pro
541 979 735 1043 decemviris
767 1000 873 1064 neque
896 980 1010 1043 animis
1033 978 1076 1042 ad
1098 981 1270 1065 imperinm

139 1063 353 1129 inhibendum
374 1066 550 1130 imminutis
571 1087 680 1151 neque
702 1064 744 1128 ad
767 1066 912 1149 speciem
933 1064 1066 1129 honoris
1089 1065 1269 1148 insignibus

104 1150 313 1236 sprodeunt.
341 1152 373 1215 id
397 1173 476 1217 vero
498 1173 635 1235 regnum
658 1150 745 1215 haud
768 1149 867 1215 dubie
887 1150 1003 1216 videri.
1027 1141 1221 1236 deploratur
1241 1153 1272 1215 in

140 1248 335 1323 perpetuum
357 1237 500 1314 libertas,
523 1259 586 1303 nec
600 1237 723 1302 vindex
738 1239 909 1322 quisquam
934 1236 1045 1300 existit
1066 1246 1124 1301 aut
1145 1235 1272 1301 futurus

139 1321 280 1388 videtur.
303 1345 364 1387 nec
385 1325 450 1410 ipsi
472 1322 578 1388 solum
601 1323 842 1407 desponderant
863 1323 997 1403 animos,
1025 1320 1084 1386 sed
1107 1324 1273 1387 contemni

141 1409 248 1494 coepti
280 1420 371 1473 erant
394 1432 414 1473 a
435 1409 580 1473 finitimis
601 1408 747 1496 populie3
770 1409 1009 1494 imperiumque
1030 1405 1077 1471 ibi
1101 1429 1186 1491 esse,
1218 1408 1274 1472 ubi

48 1502 52 1511 ’
104 1516 205 1564 anon
221 1504 307 1558 esset
328 1493 471 1576 libertas,
495 1495 756 1579 indignabantur.
780 1494 892 1559 Sabini
905 1517 1025 1578 magna
1044 1516 1145 1558 manu
1166 1495 1274 1558 incur·

141 1581 263 1644 sionem
294 1581 328 1644 in
355 1603 469 1665 agrum
490 1581 671 1646 Romanum
704 1581 813 1645 fecere
844 1579 975 1664 lateque
1005 1579 1165 1667 populati,
1199 1601 1274 1646 cum

141 1664 308 1730 hominum
324 1676 424 1752 atque
440 1667 603 1753 pecudum
625 1665 719 1731 inulti
741 1667 880 1752 praedas
897 1667 1049 1750 egissent,
1072 1675 1209 1753 recepto
1232 1667 1274 1731 ad

139 1751 287 1832 Eretum,
311 1753 398 1838 quod
422 1754 544 1838 passim
575 1763 729 1838 vagatum
753 1763 830 1834 erat,
865 1754 994 1836 agmine
1025 1761 1133 1816 castra
1164 1751 1275 1816 locant

139 1859 232 1924 spem
265 1839 298 1901 in
331 1838 494 1902 discordia
514 1838 662 1901 Romana
692 1848 865 1922 ponentes:
900 1859 972 1902 eam
1003 1838 1275 1923 impedimentum

102 1921 273 1994 4dileotui
303 1923 383 1988 fore.
420 1946 484 1988 non
515 1925 620 1986 nuntii
642 1922 759 2003 solum,
792 1923 850 1988 sed
873 1946 933 2009 per
954 1922 1070 1988 urbem
1092 1925 1274 2008 agrestium

139 2008 217 2091 fuga
238 2010 487 2093 trepidationem
515 2010 634 2073 iniecit.
658 2008 835 2073 decemviri
859 2009 1051 2090 consultant,
1085 2009 1165 2097 quid
1190 2031 1276 2098 opus

139 2094 226 2157 facto
242 2095 294 2176 sit,
319 2094 465 2159 destituti
481 2095 564 2158 inter
578 2105 707 2179 patrum
724 2103 756 2159 et
772 2093 876 2179 plebis
894 2096 978 2158 odia.
1002 2094 1094 2158 addit
1110 2105 1275 2162 terrorem

102 2179 272 2264 sinsuper
294 2179 392 2244 alium
407 2179 547 2244 fortuna.
571 2181 678 2266 Aequi
700 2178 763 2244 alia
785 2202 827 2242 ex
849 2189 943 2266 parte
966 2189 1074 2243 castra
1095 2180 1129 2244 in
1148 2180 1275 2267 Algido

138 2264 248 2329 locant
292 2265 597 2353 depopulanturque
640 2265 716 2329 inde
762 2263 1010 2331 excursionibus
1050 2264 1275 2334 Tusculanum

102 2372 262 2433 aegrum.
284 2350 384 2435 legati
408 2373 446 2415 ea
470 2351 511 2415 ab
527 2350 667 2416 Tusculo
689 2352 888 2435 praesidium
911 2363 1039 2416 orantes
1061 2353 1223 2418 nuntiant.
1246 2357 1276 2420 ie

85 2478 88 2484 ·
138 2459 242 2523 pavor
255 2438 401 2523 perpulit
417 2439 631 2519 decemviros,
655 2447 691 2501 ut
706 2449 853 2502 senatum
870 2437 966 2502 simul
981 2437 1111 2502 duobus
1135 2439 1274 2504 circum·

139 2523 299 2588 stantibus
321 2523 437 2587 urbem
469 2523 564 2587 bellis
588 2522 802 2588 consulerent.
842 2525 932 2587 citari
955 2523 1068 2588 iubent
1091 2525 1123 2587 in
1147 2527 1274 2590 curiam

138 2618 248 2694 patres
271 2609 359 2672 baud
392 2612 505 2694 ignari,
539 2619 661 2696 quanta
690 2609 831 2674 invidiae
862 2611 1043 2674 immineret
1073 2619 1272 2694 tempestas:

104 2716 250 2770 somnes
273 2697 392 2758 vastati
425 2698 494 2777 agri
525 2695 810 2780 periculorumque
840 2695 1076 2760 imminentium
1100 2698 1274 2760 causacio

139 2801 174 2843 se
207 2790 428 2863 congesturos,
461 2783 773 2868 temptationemque
809 2802 882 2845 eam
912 2780 983 2846 fore
1020 2779 1175 2845 abolendi
1207 2782 1272 2846 eibi

137 2867 357 2948 magistratus,
389 2868 422 2929 ni
446 2888 605 2931 consensu
635 2868 827 2931 resisterent
859 2869 1064 2953 imperioque
1091 2866 1274 2932 inhibendo

139 2953 258 3015 acriter
289 2952 320 3014 in
353 2973 477 3036 paucos
511 2953 708 3038 praeferocis
744 2953 844 3015 animi
875 2962 1009 3018 conatus
1037 2952 1174 3018 aliorum
1196 2977 1273 3020 con·

103 3051 120 3100 8
139 3038 327 3121 primerent.
350 3049 522 3124 postquam
547 3039 657 3102 audita
670 3061 739 3103 vox
761 3040 792 3101 in
814 3039 884 3103 foro
902 3049 952 3103 est
965 3040 1137 3124 praeconis
1160 3052 1274 3125 patres

138 3124 172 3185 in
205 3124 327 3187 curiam
361 3123 400 3187 ad
438 3124 640 3189 decemviros
672 3127 829 3208 vocantis,
860 3124 952 3190 velut
980 3147 1068 3190 nova
1098 3147 1161 3209 res,
1195 3129 1274 3212 quia

139 3210 378 3273 intermiserant
408 3211 473 3273 iam
497 3210 553 3273 diu
576 3232 701 3274 morem
725 3211 915 3275 consulendi
936 3221 1077 3292 senatus,
1105 3212 1272 3277 mirabun-

140 3294 214 3357 dam
246 3293 376 3378 plebem
410 3297 580 3373 convertit,
616 3296 772 3381 quidnam
803 3297 979 3379 incidisset,
1015 3319 1073 3361 cur
1104 3320 1148 3362 ex
1178 3308 1272 3364 tanto

103 3379 309 3444 aintervallo
355 3404 422 3444 rem
469 3381 637 3446 desuetam
673 3393 884 3466 usurparent:
929 3381 1078 3447 hostibus
1114 3383 1272 3471 belloque

139 3468 276 3547 gratiam
299 3465 495 3541 habendam,
529 3468 615 3553 quod
640 3466 769 3531 solitum
802 3472 975 3552 quiequam
999 3468 1122 3534 liberae
1147 3472 1272 3536 civitati

138 3551 241 3616 fieret.
267 3554 536 3638 circumspectare
553 3552 703 3618 omnibus
725 3553 787 3618 fori
803 3554 956 3702 partibus
972 3564 1159 3621 senatorem
1180 3579 1271 3621 raro·

140 3660 204 3786 que
235 3661 374 3722 usquam
406 3641 582 3720 noscitare3
615 3641 735 3703 curiam
768 3641 799 3702 in
827 3663 843 3702 e
875 3662 913 3704 ac
943 3641 1151 3706 solitudinem
1182 3645 1272 3708 circa

87 3741 120 3790 10
163 3727 343 3789 ecemviros
361 3726 488 3805 intueri,
513 3747 585 3789 cum
609 3734 641 3789 et
663 3727 724 3812 ipsi
741 3747 901 3790 consensu
922 3727 1060 3792 invisum
1084 3729 1269 3816 imperium,

137 3819 172 3873 et
190 3809 296 3894 plebs,
328 3812 403 3896 quia
425 3811 561 3897 privatis
584 3811 633 3874 ins
655 3833 720 3888 non
742 3822 830 3875 esset
850 3813 991 3877 vocandi
1012 3823 1173 3900 senatum,
1203 3836 1270 3881 non
