2738 4146
96 124 158 182 130
347 137 457 187 LIBER
473 137 544 188 XXI.
564 136 639 188 cAP.
657 140 699 189 30.
718 141 760 189 31.
782 136 815 204 [a.
834 137 867 189 U.
886 153 908 187 c.
927 136 997 203 5361.

112 327 128 377 ἰ
145 306 534 374 montium'altitudines?
556 307 718 394 fingerent
733 307 863 373 altiores
878 307 1040 392 Pyrenaei
1054 305 1154 388 iugis3
1179 305 1285 372 nullas

145 395 293 483 profecto
322 403 425 459 terras
461 393 588 460 caelum
620 397 806 478 contingere
828 415 889 458 nec
917 391 1201 479 inexsuperabiles
1225 393 1283 459 hu·

146 503 241 545 mano
264 483 377 564 generi
394 501 482 545 esse:
496 479 600 567 Alpes
616 481 748 566 quidem
765 480 912 561 habitari,
929 478 1003 562 coli,
1026 479 1161 564 gignere
1184 489 1284 565 atque
1329 479 1331 483 ’

108 566 235 636 salere
268 566 461 649 animantes3
495 567 625 653 pervias
657 568 770 652 paucis
793 588 875 649 esse,
899 588 971 630 esse
994 564 1203 630 exercitibus.
1228 589 1283 632 eos

146 654 244 739 ipsos,
269 674 351 738 quos
375 664 518 734 cernant,
541 651 667 737 legatos
688 674 753 717 non
775 654 889 739 pennis
906 650 1044 717 sublime
1061 649 1162 716 clatos
1177 649 1283 737 Alpes

144 747 382 822 bausgressos.·
408 759 450 802 ne
481 740 621 804 maiores
645 738 777 824 quidem
801 760 915 803 eorum
936 736 1117 820 indigenas,
1142 738 1202 801 sed
1225 739 1280 801 ad·

144 846 245 889 venas
267 823 382 888 Italiae
405 823 545 890 cultores
568 823 627 888 has
655 826 742 911 ipsas
765 822 869 908 Alpes
892 822 1079 906 ingentibus
1102 843 1203 907 saepe
1226 845 1281 908 ag·

143 909 284 975 minibus
317 933 392 975 cum
420 909 533 974 liberis
567 932 620 978 ac.
636 909 826 994 coniugibus
858 909 1067 989 migrantium
1089 909 1188 974 modo
1211 919 1280 974 tuto

108 995 370 1066 atransmisisse.
408 995 501 1060 militi
532 995 664 1082 quidem
698 1005 821 1061 armato
844 993 923 1058 nihil
947 1016 1060 1059 secum
1081 1003 1214 1081 praeter
1234 994 1281 1058 in·

145 1091 325 1146 strumenta
346 1080 425 1145 belli
446 1082 588 1168 portanti
604 1081 681 1169 quid
696 1082 819 1145 invium
832 1091 888 1145 aut
901 1079 1167 1167 inexsuperabile
1184 1079 1281 1145 esse?

146 1166 325 1251 Saguntum
347 1176 384 1231 ut
406 1177 586 1254 caperetur,
609 1167 687 1254 quid
710 1189 769 1254 per
792 1177 864 1233 octo
888 1188 1016 1231 menses
1039 1164 1185 1252 periculi,
1202 1165 1280 1253 quid

94 1274 127 1325 10
144 1252 265 1317 laboris
297 1252 492 1318 exhaustum
525 1253 619 1318 esse?
662 1254 809 1334 Romam,
848 1262 947 1339 caput
983 1250 1070 1320 orbis
1107 1261 1279 1334 terrarum,

144 1337 329 1425 petentibus
360 1339 535 1426 quicquam
566 1338 648 1403 adeo
683 1361 836 1425 asperum
869 1350 965 1424 atque
997 1337 1136 1403 arduum
1163 1338 1279 1421 videri,

93 1440 125 1498 11
145 1424 233 1511 quod
256 1426 421 1511 inceptum
443 1423 610 1489 moretur?
638 1427 763 1511 cepisse
786 1424 952 1511 quondam
975 1421 1088 1488 Gallos
1112 1444 1161 1505 ea,
1195 1445 1279 1510 quae

144 1510 227 1573 adiri
249 1532 347 1596 posse
369 1510 498 1575 Poenus
530 1510 696 1598 desperetl
727 1510 865 1597 proinde
896 1519 953 1574 aut
984 1509 1139 1575 cederent
1170 1510 1278 1589 animo

144 1606 240 1682 atque
262 1597 381 1660 virtute
404 1597 493 1680 genti
514 1619 575 1683 per
606 1618 663 1662 eos
695 1596 765 1660 dies
792 1597 909 1661 totiens
942 1595 982 1659 ab
1015 1617 1050 1660 se
1083 1595 1190 1661 victae
1223 1606 1280 1661 aut

45 1709 48 1714 ·
142 1683 266 1746 itineris
302 1681 400 1746 finem
444 1691 585 1769 sperent
619 1704 770 1769 campum
806 1682 1069 1747 interiacentem·
1088 1680 1203 1745 Tiberi
1240 1703 1279 1748 ac

37 1847 40 1852 Ι
141 1768 311 1833 moenibus
335 1769 496 1833 Romanis.
1087 1800 1091 1805 ·

106 1865 120 1913 1
243 1852 372 1917 XXXI.
400 1854 460 1919 His
492 1852 770 1918 adhortationibus
800 1855 949 1918 incitatos
987 1873 1126 1939 corpora
1160 1874 1278 1919 curare

106 1948 237 2025 ratque
259 1939 302 2002 ad
324 1941 386 2003 iter
408 1959 582 2025 separare
604 1938 704 2003 iubet.
752 1948 858 2004 ostero
882 1938 934 2003 die
955 1938 1121 2025 profectus
1138 1938 1279 2005 adversa

140 2027 168 2088 m'
193 2047 213 2089 a
233 2023 384 2090 Rhodani
406 2027 643 2089 mediterranea
666 1963 793 2089 Galliae
816 2026 904 2112 petit,
928 2046 992 2090 non
1008 2026 1085 2111 quia
1099 2027 1219 2091 rectior
1235 2025 1277 2090 ad

140 2049 242 2196 Alpes
273 2112 327 2175 via
359 2119 453 2192 esset,
486 2109 555 2193 sed,
587 2119 742 2196 quantum
773 2132 794 2173 a
823 2112 906 2174 mari
931 2113 1132 2192 recessisset,
1169 2113 1276 2177 minus

103 2194 274 2260 sobrium
305 2195 374 2260 fore
406 2196 588 2261 Romanum
618 2196 765 2276 credens,
804 2218 878 2260 cum
910 2219 985 2281 quo,
1022 2199 1213 2284 priusquam
1243 2199 1277 2262 in

139 2279 266 2346 Italiam
287 2291 421 2346 ventum
442 2281 535 2362 foret,
568 2303 634 2346 non
666 2291 736 2346 erat
756 2284 789 2346 in
812 2284 918 2346 animo
941 2304 1055 2347 manus
1091 2304 1274 2347 conserere.

102 2386 120 2433 4
140 2369 261 2453 quartis
284 2370 397 2433 castris
420 2367 462 2430 ad
485 2365 629 2433 Insulam
660 2370 818 2455 pervenit.
849 2367 895 2432 ibi
917 2367 1008 2431 Isara
1030 2366 1276 2455 Rhodanusque

139 2474 250 2518 amnes
288 2453 424 2518 diversis
462 2476 505 2518 ex
542 2452 680 2541 Alpibus
718 2454 927 2519 decurrentes
964 2456 1036 2538 agri
1071 2452 1275 2541 'aliquantum

139 2538 282 2627 amplexi
304 2538 471 2605 confluunt
492 2542 525 2605 in
546 2562 662 2619 unum,
696 2540 810 2604 mediis
843 2541 966 2626 campis
997 2538 1129 2605 Insulae
1156 2560 1277 2605 nomen

101 2626 285 2693 oinditum.
324 2625 469 2690 incolunt
503 2647 607 2713 prope
638 2624 844 2709 Allobroges,
881 2647 961 2707 gens
991 2628 1056 2690 iam
1086 2624 1164 2690 iude
1186 2623 1277 2690 nulla

102 2709 267 2780 cGallica
297 2721 393 2794 gente
425 2710 540 2798 opibus
574 2719 630 2774 aut
660 2711 746 2775 fama
776 2710 918 2775 inferior.
955 2719 1023 2776 tum
1048 2712 1172 2776 discors
1196 2720 1274 2776 erat

138 2796 230 2876 regni
254 2799 429 2861 certamine
452 2795 661 2879 ambigebant
682 2797 808 2861 fratres.
841 2799 945 2861 maior
973 2805 1005 2860 et
1027 2799 1082 2882 qui
1103 2799 1195 2883 prius
1217 2801 1274 2862 im-

136 2882 301 2967 peritaret,
317 2881 464 2946 Braneus
479 2884 618 2964 nomine,
635 2883 757 2948 minore
774 2882 814 2946 ab
831 2882 929 2946 fratre
946 2892 1084 2948 etcoetu
1099 2883 1273 2966 iuniorum,

104 2968 193 3052 aqui
214 2968 284 3030 iure
308 2970 423 3044 mInus,
446 2969 479 3031 vi
500 2966 574 3053 plus
596 2965 733 3055 poterat,
756 2966 948 3054 pellebatur.
986 2967 1082 3033 huius
1107 2969 1274 3035 seditionis

136 3061 379 3140 peropportuna
402 3053 591 3140 disceptatio
622 3077 695 3118 cum
719 3054 760 3116 ad
782 3052 1002 3117 Hannibalem
1024 3055 1148 3119 reiecta
1178 3063 1273 3138 esset,

137 3138 259 3203 arbiter
281 3142 372 3221 regni
394 3139 508 3220 factus,
532 3139 620 3225 quod
644 3161 683 3203 ea
706 3149 834 3204 senatus
849 3141 1098 3227 principumque
1113 3141 1274 3206 sententia

101 3223 251 3305 gfirerat,
273 3226 444 3311 imperium
467 3226 582 3289 maiori
604 3228 750 3289 restituit.
789 3225 831 3290 ob
859 3226 892 3287 id
915 3227 1066 3290 meritum
1089 3236 1274 3292 commeatu

137 3331 175 3374 co
201 3313 296 3396 iaque
319 3332 429 3375 rerum
452 3314 603 3393 omnium,
628 3314 769 3375 maxime
790 3315 899 3393 vestis,
929 3321 978 3375 est
1004 3312 1144 3395 adiutus,
1175 3335 1273 3399 quam

137 3335 273 3459 inldmes
296 3394 469 3479 frigoribus
492 3395 533 3458 Al
561 3419 594 3460 es
617 3399 804 3484 praeparari
828 3396 998 3480 cogebant.

100 3511 116 3559 9
242 3481 368 3545 Sedatis
390 3421 557 3547 Hannibal
587 3484 816 3547 certaminibus
847 3482 1063 3567 Allobrogum
1097 3505 1172 3548 cum
1208 3483 1274 3547 iam

138 3565 240 3653 Alpes
263 3577 398 3655 peteret,
422 3590 485 3633 non
508 3577 596 3633 recta
619 3572 750 3652 regione
773 3570 835 3633 iter
849 3570 994 3650 instituit,
1011 3568 1070 3633 sed
1085 3567 1127 3632 ad
1144 3568 1273 3633 laevam

137 3653 170 3715 in
192 3652 389 3718 Tricastinos
413 3653 518 3718 flexit:
541 3654 617 3718 inde
639 3677 698 3741 per
721 3665 900 3719 extremam
927 3677 1018 3719 oram
1038 3654 1274 3720 Vocontiorum

138 3741 208 3821 agri
231 3741 334 3804 tendit
354 3742 387 3804 in
410 3740 582 3821 Tricorios,
615 3739 702 3805 haud
725 3762 862 3826 usquam
885 3741 1040 3826 impedita
1072 3742 1137 3821 via,
1167 3743 1272 3825 prius·

86 3855 120 3906 10
138 3847 236 3909 quam
267 3825 309 3888 ad
340 3824 534 3890 Druentiam
565 3825 686 3889 flumen
716 3829 873 3914 pervenit.
911 3827 939 3890 is
972 3836 1004 3889 et
1030 3827 1101 3911 ipse
1131 3824 1272 3913 Alpinus
