2738 4146
87 105 148 162 216
374 114 483 165 nnana
499 115 549 165 111.
568 113 643 164 css.
662 115 704 166 aa.
722 117 765 167 so.
784 112 818 182 [a.
837 72 869 166 u.
888 129 911 165 e.
930 111 1000 182 3051.

87 310 118 371 ⁸9
136 285 236 350 luisse
256 285 390 369 regibus
414 287 538 350 exactis
560 285 714 372 patricios
745 287 962 368 magistratus,
998 292 1126 349 creatos
1156 290 1262 369 postea

137 382 212 459 post
234 372 452 437 secessionem
481 371 587 456 plebis
618 371 781 456 plebeios:
816 373 908 436 cuius
938 370 985 435 illi
1014 372 1117 456 partis
1150 376 1261 445 essent,

136 458 290 543 rogitare.
346 457 521 543 opulares?
560 459 639 544 quid
671 460 756 522 enim
788 480 843 522 eos
874 479 935 542 per
955 456 1117 543 populum
1139 452 1261 538 egisse?

138 481 342 629 optimatesl
368 544 427 627 qui
458 566 542 608 anno
572 548 638 608 iam
668 566 773 629 prope
805 555 953 608 senatum
984 565 1049 607 non
1082 541 1261 622 habuerint,

17 687 18 690 ,
87 657 120 706 10
137 651 224 693 nunc
246 631 291 694 ita
312 628 466 710 habeant,
497 639 534 694 ut
565 630 607 696 de
637 652 674 694 re
705 628 838 716 publica
859 629 949 712 loqui
971 626 1193 715 prohibeant?
1227 634 1268 690 ne'

136 716 271 780 nimium
286 716 319 779 in
334 725 423 779 metu
438 714 543 782 alieno
559 717 630 802 spei
644 726 820 802 ponerent;
836 716 987 799 graviora
1002 736 1087 800 quae
1102 714 1263 805 patiantur

136 802 242 866 videri
264 803 328 864 iam
351 801 547 882 hominibus,
571 825 668 888 quam
691 824 776 888 quae
797 811 951 865 metuant.

97 917 111 964 1
238 887 312 952 XL.
335 887 430 950 Haec
451 888 651 953 vociferante
672 887 810 952 Horatio
835 910 907 950 cum
931 886 1110 951 decemviri
1124 907 1187 950 nec
1200 887 1263 949 irae

137 995 198 1037 nec
228 973 418 1057 ignoscendi
449 974 582 1040 modurn
613 976 796 1059 reperirent
825 995 896 1049 nec,
935 994 999 1058 quo
1038 993 1182 1036 evasura
1214 991 1263 1034 res

97 1076 113 1124 a
138 1069 232 1133 esset,
266 1067 446 1139 cernerent,
479 1059 515 1125 Ο.
540 1059 679 1139 Claudii,
711 1061 767 1145 qui
796 1069 933 1146 patruus
964 1057 1068 1144 Appii
1093 1057 1263 1122 decemviri

138 1155 217 1222 erat,
242 1146 345 1209 oratio
367 1146 429 1210 fuit
450 1147 604 1230 precibus
628 1168 726 1232 quam
749 1147 854 1230 iurgio
886 1143 1029 1226 similior,
1063 1145 1187 1208 orantis
1210 1165 1263 1230 per

49 1280 50 1283 η
137 1232 187 1296 sui
208 1231 318 1295 fratris
340 1233 550 1317 parentisque
567 1234 635 1297 eius
652 1255 772 1313 manes,
795 1240 832 1296 ut
848 1230 951 1296 civilis
967 1232 1076 1315 potius
1094 1230 1261 1310 societatis,

96 1336 111 1383 3
136 1318 170 1380 in
193 1339 257 1401 qua
278 1328 372 1382 natus
396 1327 491 1392 esset,
516 1341 613 1403 quam
636 1319 779 1382 foederis
802 1317 924 1382 nefarie
946 1318 1002 1380 icti
1025 1339 1100 1382 cum
1124 1315 1262 1399 conlegis

136 1404 346 1468 meminisset.
381 1403 482 1467 multo
504 1406 538 1468 id
560 1405 664 1488 magis
687 1427 721 1468 se
744 1403 829 1467 illius
861 1425 961 1468 causa
982 1423 1076 1467 orare
1101 1424 1200 1489 quam
1220 1401 1262 1465 rei
1292 1403 1294 1408 ’

96 1488 303 1574 tpublicae;
341 1491 463 1576 quippe
495 1513 564 1555 rem
596 1489 771 1575 publicam,
803 1492 830 1553 si
861 1512 881 1552 a
902 1488 1089 1553 volentibus
1112 1496 1259 1576 nequeat,

137 1575 178 1639 ab
201 1577 310 1640 invitis
332 1577 381 1640 ius
404 1579 638 1661 expetituram3
661 1577 719 1640 sed
743 1598 785 1639 ex
799 1598 916 1661 magno
934 1576 1113 1640 certamine
1128 1595 1259 1660 magnas

95 1681 111 1730 a
138 1662 275 1725 excitari
295 1661 398 1725 ferme
420 1664 501 1744 iras3
525 1685 636 1728 earum
659 1672 813 1726 eventum
835 1685 871 1726 se
893 1662 1038 1726 horrere.
1063 1683 1138 1725 eum
1169 1659 1261 1740 aliud,

161 1756 369 1834 raeterquam
407 1748 448 1811 de
480 1770 544 1834 quo
582 1749 792 1828 rettulissent,
827 1747 1005 1812 decemviri
1043 1746 1155 1812 dicere
1193 1765 1259 1830 pro·

137 1771 297 1914 liberent,
322 1831 495 1898 Claudium
516 1834 745 1921 interpellandi
768 1834 966 1899 verecundia
980 1833 1050 1897 fuit.
1073 1834 1262 1898 sententiam

103 1943 118 1990 e
136 1921 235 2003 igitur
256 1921 384 2005 peregit
405 1919 528 1985 nullum
552 1919 682 2004 placere
698 1929 829 1984 senatus
845 1919 1028 1984 consultum
1041 1918 1124 2000 fieri,
1141 1940 1260 1983 omnes·

98 2032 100 2038 ’
138 2028 201 2090 que
238 2007 284 2070 ita
321 2005 533 2088 accipiebant,
578 2007 723 2090 privatos
761 2028 817 2070 eos
855 2028 875 2069 a
912 2003 1050 2070 Claudio
1087 2005 1259 2083 iudicatos,

99 2117 112 2163 ⁷
138 2091 297 2176 multique
320 2114 363 2156 ex
385 2091 609 2155 consularibus
631 2092 734 2157 verbo
757 2092 887 2156 adsensi
910 2100 992 2155 sunt.
1017 2089 1081 2154 alia
1096 2092 1261 2170 sententia,

61 2175 63 2178 ’
138 2179 284 2261 asperior
306 2177 339 2239 in
362 2179 516 2263 speciem,
547 2179 613 2242 vim
645 2179 802 2242 minorem
835 2177 999 2262 aliquanto
1025 2177 1150 2259 habuit,
1185 2197 1262 2263 quae

138 2263 290 2349 patricios
313 2264 399 2327 coire
422 2263 464 2329 ad
486 2263 692 2348 prodendum
716 2265 912 2347 interregem
933 2262 1078 2327 iubebat.
1102 2262 1261 2328 censendo

91 2423 94 2429 ,
139 2350 225 2414 enim
248 2349 487 2434 quodcumque,
510 2351 718 2433 magistratus
743 2372 824 2431 esse,
849 2351 904 2436 qui
927 2358 1077 2413 senatum
1091 2348 1259 2427 haberent,

137 2435 335 2518 iudicabant,
373 2459 455 2522 quos
491 2437 638 2521 privatos
674 2436 797 2500 fecerat
834 2445 946 2499 auctor
980 2434 1100 2499 nullius
1134 2445 1261 2499 senatus

95 2547 112 2596 8
139 2520 276 2586 consulti
291 2522 439 2586 faciendi.
456 2524 501 2586 ita
515 2522 646 2587 labente
661 2523 725 2585 iam
743 2544 842 2586 causa
858 2522 1119 2586 decemvirorum
1131 2521 1172 2584 L.
1189 2520 1261 2586 Cor-

57 2605 59 2609 ’
138 2607 241 2671 nelius
264 2607 508 2692 Maluginensis,
532 2608 577 2673 M.
602 2606 733 2673 Corneli
765 2608 943 2673 decemviri
972 2608 1085 2687 frater,
1119 2629 1195 2672 cum
1227 2625 1263 2671 ex

140 2693 361 2763 consularibus
385 2695 428 2756 ad
458 2695 607 2759 ultimum
639 2694 768 2765 dicendi
799 2693 906 2758 locum
939 2692 1085 2757 consulto
1118 2701 1263 2758 servatus

140 2787 236 2859 esset,
276 2778 457 2842 simulando
496 2803 606 2843 curam
643 2779 722 2843 belli
765 2778 899 2843 fratrem
938 2779 1159 2863 conlegaeque
1199 2780 1263 2844 eius

102 2864 301 2946 9tuebatur,
336 2887 475 2950 quonam
507 2866 572 2930 fato
605 2866 782 2948 incidisset,
821 2866 932 2928 mirari
963 2888 999 2930 se
1031 2866 1195 2947 dictitans,
1231 2870 1264 2927 ut

140 2951 352 3033 decemviros,
388 2953 447 3035 qui
479 2951 734 3015 decemviratum
767 2953 933 3036 petissent,
965 2960 1022 3015 aut
1052 2949 1114 3014 soli
1146 2960 1203 3015 aut
1234 2949 1264 3013 hi

89 3066 122 3114 10
139 3037 281 3100 maxime
316 3047 556 3121 oppugnarent3
594 3048 651 3102 aut
682 3037 759 3123 quid
791 3039 845 3114 ita,
879 3060 952 3101 cum
984 3058 1045 3121 per
1066 3044 1116 3101 tot
1139 3057 1264 3101 menses

138 3145 243 3188 vacua
273 3124 403 3188 civitate
434 3145 539 3199 nemo,
577 3124 696 3187 iustine
734 3125 943 3208 magistratus
980 3145 1127 3187 summae
1159 3142 1264 3188 rerum

138 3221 337 3295 praeessent,
361 3211 615 3273 controversiam
637 3209 761 3287 fecerit,
784 3231 869 3273 nunc
894 3210 1035 3291 demum,
1059 3231 1134 3272 cum
1158 3209 1264 3273 hostes

139 3318 242 3381 prope
266 3295 307 3358 ad
331 3305 441 3380 portas
464 3296 537 3376 sint,
562 3295 673 3359 civiles
697 3295 877 3359 discordias
900 3306 1019 3376 serant,
1041 3295 1104 3359 nisi
1128 3296 1218 3381 quod
1234 3295 1265 3358 in

89 3399 120 3446 11
139 3381 269 3445 turbido
292 3382 398 3445 minus
421 3382 630 3467 perspicuum
654 3381 723 3445 fore
737 3391 862 3469 putent,
887 3380 965 3466 quid
981 3390 1106 3465 agatur.
1124 3391 1266 3446 ceterum

142 3504 182 3514 —
211 3490 274 3533 nec
305 3470 389 3532 enim
420 3469 542 3531 maiore
580 3489 658 3530 cura
690 3469 856 3553 occupatis
894 3467 1009 3531 animis
1045 3489 1161 3531 verum
1199 3487 1266 3532 esse

139 3555 374 3638 praeiudicium
397 3555 445 3617 rei
467 3563 575 3616 tantae
598 3552 668 3617 fieri
699 3590 742 3600 —
773 3554 836 3617 sibi
867 3551 1000 3638 placere
1032 3553 1073 3617 de
1097 3575 1149 3637 eo,
1182 3549 1267 3641 quod

139 3641 291 3707 Valerius
318 3640 542 3724 Horatiusque
575 3651 649 3704 ante
680 3640 753 3704 idus
786 3639 891 3704 Maias
924 3639 1130 3704 decemviros
1163 3639 1267 3705 abisse

140 3728 331 3809 magistratu
353 3724 549 3807 insimulent,
572 3725 677 3806 bellis,
701 3748 785 3810 quae
808 3726 1007 3807 immineant,
1039 3725 1206 3810 perfectis,
1233 3745 1268 3789 re

87 3831 122 3880 12
139 3812 272 3898 publica
292 3812 326 3876 in
349 3810 559 3898 tranquillum
580 3812 723 3894 redacta,
757 3822 873 3876 senatu
907 3812 1110 3896 disceptante
1142 3814 1205 3898 agi,
1239 3817 1268 3877 et
