<?xml version="1.0" encoding="UTF-8"?>
<!DOCTYPE html PUBLIC "-//W3C//DTD XHTML 1.0 Transitional//EN"
    "http://www.w3.org/TR/xhtml1/DTD/xhtml1-transitional.dtd">
<html xmlns="http://www.w3.org/1999/xhtml" xml:lang="en" lang="en">
 <head>
  <title>
</title>
<meta http-equiv="Content-Type" content="text/html;charset=utf-8" />
  <meta name='ocr-system' content='tesseract 3.04.00' />
  <meta name='ocr-capabilities' content='ocr_page ocr_carea ocr_par ocr_line ocrx_word'/>
</head>
<body>
  <div class='ocr_page' id='page_1' title='image "./aburbeconditali02livygoog_0253.png"; bbox 0 0 2738 4146; ppageno 0'>
   <div class='ocr_carea' id='block_1_1' title="bbox 120 140 1042 220">
    <p class='ocr_par' dir='ltr' id='par_1_1' title="bbox 120 140 1042 220">
     <span class='ocr_line' id='line_1_1' title="bbox 120 140 1042 220; baseline 0.005 -24"><span class='ocrx_word' id='word_1_1' title='bbox 120 140 183 198; x_wconf 78' lang='lat'>220</span> <span class='ocrx_word' id='word_1_2' title='bbox 358 153 467 204; x_wconf 75' lang='lat' dir='ltr'>urana</span> <span class='ocrx_word' id='word_1_3' title='bbox 483 155 532 204; x_wconf 93' lang='lat'>111.</span> <span class='ocrx_word' id='word_1_4' title='bbox 552 152 626 203; x_wconf 72' lang='lat' dir='ltr'>oar.</span> <span class='ocrx_word' id='word_1_5' title='bbox 645 156 687 203; x_wconf 80' lang='lat'>44.</span> <span class='ocrx_word' id='word_1_6' title='bbox 705 155 747 204; x_wconf 79' lang='lat' dir='ltr'>ss.</span> <span class='ocrx_word' id='word_1_7' title='bbox 766 155 807 203; x_wconf 79' lang='lat' dir='ltr'>ro.</span> <span class='ocrx_word' id='word_1_8' title='bbox 828 152 861 220; x_wconf 73' lang='lat' dir='ltr'>[a.</span> <span class='ocrx_word' id='word_1_9' title='bbox 880 152 914 204; x_wconf 75' lang='lat' dir='ltr'>u,</span> <span class='ocrx_word' id='word_1_10' title='bbox 931 168 954 204; x_wconf 74' lang='lat' dir='ltr'>a</span> <span class='ocrx_word' id='word_1_11' title='bbox 973 150 1042 220; x_wconf 64' lang='lat' dir='ltr'>eost</span> 
     </span>
    </p>
   </div>
   <div class='ocr_carea' id='block_1_2' title="bbox 96 323 1324 3934">
    <p class='ocr_par' dir='ltr' id='par_1_2' title="bbox 96 323 1324 3934">
     <span class='ocr_line' id='line_1_2' title="bbox 174 323 1324 407; baseline 0 -20"><span class='ocrx_word' id='word_1_12' title='bbox 174 347 273 389; x_wconf 88' lang='lat' dir='ltr'>causa</span> <span class='ocrx_word' id='word_1_13' title='bbox 296 325 455 389; x_wconf 84' lang='lat' dir='ltr'>dixissent</span> <span class='ocrx_word' id='word_1_14' title='bbox 481 324 607 407; x_wconf 88' lang='lat' dir='ltr'>abesse,</span> <span class='ocrx_word' id='word_1_15' title='bbox 640 323 741 388; x_wconf 90' lang='lat' dir='ltr'><strong>biduo</strong></span> <span class='ocrx_word' id='word_1_16' title='bbox 774 324 975 397; x_wconf 84' lang='lat' dir='ltr'>adfuturum,</span> <span class='ocrx_word' id='word_1_17' title='bbox 1010 324 1043 388; x_wconf 86' lang='lat' dir='ltr'>si</span> <span class='ocrx_word' id='word_1_18' title='bbox 1070 324 1258 387; x_wconf 89' lang='lat' dir='ltr'>nuntiatum</span> <span class='ocrx_word' id='word_1_19' title='bbox 1284 324 1324 388; x_wconf 89' lang='lat' dir='ltr'>ei·</span> 
     </span>
     <span class='ocr_line' id='line_1_3' title="bbox 121 409 1313 497; baseline 0 -24"><span class='ocrx_word' id='word_1_20' title='bbox 121 425 154 473; x_wconf 65' lang='grc' dir='ltr'>ι’.)</span> <span class='ocrx_word' id='word_1_21' title='bbox 175 413 224 493; x_wconf 91' lang='lat' dir='ltr'>sit,</span> <span class='ocrx_word' id='word_1_22' title='bbox 247 412 393 497; x_wconf 90' lang='lat' dir='ltr'>iniquum</span> <span class='ocrx_word' id='word_1_23' title='bbox 418 433 490 475; x_wconf 87' lang='lat' dir='ltr'>esse</span> <span class='ocrx_word' id='word_1_24' title='bbox 513 411 682 474; x_wconf 84' lang='lat' dir='ltr'><strong>absentem</strong></span> <span class='ocrx_word' id='word_1_25' title='bbox 715 411 755 474; x_wconf 93' lang='lat' dir='ltr'>de</span> <span class='ocrx_word' id='word_1_26' title='bbox 787 410 899 474; x_wconf 91' lang='lat' dir='ltr'>liberis</span> <span class='ocrx_word' id='word_1_27' title='bbox 931 410 1098 490; x_wconf 88' lang='lat' dir='ltr'>dimicare,</span> <span class='ocrx_word' id='word_1_28' title='bbox 1131 409 1313 496; x_wconf 87' lang='lat' dir='ltr'>postulant,</span> 
     </span>
     <span class='ocr_line' id='line_1_4' title="bbox 173 495 1313 583; baseline 0 -23"><span class='ocrx_word' id='word_1_29' title='bbox 173 507 301 561; x_wconf 85' lang='lat' dir='ltr'>utrem</span> <span class='ocrx_word' id='word_1_30' title='bbox 324 499 483 580; x_wconf 89' lang='lat' dir='ltr'>integram</span> <span class='ocrx_word' id='word_1_31' title='bbox 507 499 540 560; x_wconf 91' lang='lat' dir='ltr'>in</span> <span class='ocrx_word' id='word_1_32' title='bbox 562 498 666 583; x_wconf 89' lang='lat' dir='ltr'>patris</span> <span class='ocrx_word' id='word_1_33' title='bbox 690 496 866 560; x_wconf 90' lang='lat' dir='ltr'>adventum</span> <span class='ocrx_word' id='word_1_34' title='bbox 896 496 1034 577; x_wconf 82' lang='lat' dir='ltr'>differat,</span> <span class='ocrx_word' id='word_1_35' title='bbox 1068 495 1142 580; x_wconf 90' lang='lat' dir='ltr'>lege</span> <span class='ocrx_word' id='word_1_36' title='bbox 1168 496 1216 559; x_wconf 75' lang='lat' dir='ltr'>‘ab</span> <span class='ocrx_word' id='word_1_37' title='bbox 1240 498 1313 583; x_wconf 90' lang='lat' dir='ltr'>ipso</span> 
     </span>
     <span class='ocr_line' id='line_1_5' title="bbox 173 581 1314 668; baseline 0.002 -24"><span class='ocrx_word' id='word_1_38' title='bbox 173 581 240 646; x_wconf 84' lang='lat' dir='ltr'>lata</span> <span class='ocrx_word' id='word_1_39' title='bbox 262 583 421 647; x_wconf 87' lang='lat' dir='ltr'>vindicias</span> <span class='ocrx_word' id='word_1_40' title='bbox 445 584 501 646; x_wconf 89' lang='lat' dir='ltr'>det</span> <span class='ocrx_word' id='word_1_41' title='bbox 516 583 694 646; x_wconf 88' lang='lat' dir='ltr'>secundum</span> <span class='ocrx_word' id='word_1_42' title='bbox 712 581 896 668; x_wconf 86' lang='lat' dir='ltr'>libertatem</span> <span class='ocrx_word' id='word_1_43' title='bbox 912 604 977 645; x_wconf 91' lang='lat' dir='ltr'>neu</span> <span class='ocrx_word' id='word_1_44' title='bbox 992 583 1136 668; x_wconf 91' lang='lat' dir='ltr'>patiatur</span> <span class='ocrx_word' id='word_1_45' title='bbox 1150 584 1314 667; x_wconf 87' lang='lat' dir='ltr'>virginem</span> 
     </span>
     <span class='ocr_line' id='line_1_6' title="bbox 173 667 1200 754; baseline 0.001 -24"><span class='ocrx_word' id='word_1_46' title='bbox 173 667 318 732; x_wconf 89' lang='lat' dir='ltr'>adultam</span> <span class='ocrx_word' id='word_1_47' title='bbox 342 668 448 732; x_wconf 85' lang='lat' dir='ltr'>famae</span> <span class='ocrx_word' id='word_1_48' title='bbox 471 669 562 754; x_wconf 90' lang='lat' dir='ltr'>prins</span> <span class='ocrx_word' id='word_1_49' title='bbox 586 691 684 754; x_wconf 89' lang='lat' dir='ltr'>quam</span> <span class='ocrx_word' id='word_1_50' title='bbox 706 667 867 732; x_wconf 80' lang='lat' dir='ltr'>libertatis</span> <span class='ocrx_word' id='word_1_51' title='bbox 890 667 1072 754; x_wconf 89' lang='lat' dir='ltr'>periculum</span> <span class='ocrx_word' id='word_1_52' title='bbox 1096 669 1200 732; x_wconf 90' lang='lat' dir='ltr'>adire.</span> 
     </span>
     <span class='ocr_line' id='line_1_7' title="bbox 137 752 1312 840; baseline -0.001 -23"><span class='ocrx_word' id='word_1_53' title='bbox 137 771 150 817; x_wconf 93' lang='lat'>1</span> <span class='ocrx_word' id='word_1_54' title='bbox 241 773 243 777; x_wconf 75' lang='grc'>’</span> <span class='ocrx_word' id='word_1_55' title='bbox 275 753 379 818; x_wconf 90' lang='lat' dir='ltr'>XLV.</span> <span class='ocrx_word' id='word_1_56' title='bbox 405 754 533 840; x_wconf 86' lang='lat' dir='ltr'>Appius</span> <span class='ocrx_word' id='word_1_57' title='bbox 550 755 681 818; x_wconf 90' lang='lat' dir='ltr'>decreto</span> <span class='ocrx_word' id='word_1_58' title='bbox 698 754 879 839; x_wconf 79' lang='lat' dir='ltr'><strong>praefatur:</strong></span> <span class='ocrx_word' id='word_1_59' title='bbox 904 776 1002 839; x_wconf 89' lang='lat' dir='ltr'>quam</span> <span class='ocrx_word' id='word_1_60' title='bbox 1022 752 1167 817; x_wconf 84' lang='lat' dir='ltr'>libertati</span> <span class='ocrx_word' id='word_1_61' title='bbox 1182 754 1312 837; x_wconf 84' lang='lat' dir='ltr'>faverit,</span> 
     </span>
     <span class='ocr_line' id='line_1_8' title="bbox 175 839 1312 924; baseline 0 -22"><span class='ocrx_word' id='word_1_62' title='bbox 175 862 247 903; x_wconf 92' lang='lat' dir='ltr'>eam</span> <span class='ocrx_word' id='word_1_63' title='bbox 270 844 374 924; x_wconf 82' lang='lat' dir='ltr'>ipsam</span> <span class='ocrx_word' id='word_1_64' title='bbox 396 839 509 924; x_wconf 50' lang='lat' dir='ltr'>legem*</span> <span class='ocrx_word' id='word_1_65' title='bbox 538 839 715 921; x_wconf 88' lang='lat' dir='ltr'>declarare,</span> <span class='ocrx_word' id='word_1_66' title='bbox 748 862 845 924; x_wconf 90' lang='lat' dir='ltr'>quarn</span> <span class='ocrx_word' id='word_1_67' title='bbox 868 839 1016 924; x_wconf 82' lang='lat' dir='ltr'>Verginii</span> <span class='ocrx_word' id='word_1_68' title='bbox 1040 840 1135 903; x_wconf 89' lang='lat' dir='ltr'>amici</span> <span class='ocrx_word' id='word_1_69' title='bbox 1166 840 1312 923; x_wconf 86' lang='lat' dir='ltr'>postula-</span> 
     </span>
     <span class='ocr_line' id='line_1_9' title="bbox 138 924 1312 1010; baseline 0.004 -26"><span class='ocrx_word' id='word_1_70' title='bbox 138 927 253 989; x_wconf 72' lang='lat' dir='ltr'>rtioni</span> <span class='ocrx_word' id='word_1_71' title='bbox 269 926 355 990; x_wconf 71' lang='lat' dir='ltr'>&#39;suae</span> <span class='ocrx_word' id='word_1_72' title='bbox 378 926 608 1010; x_wconf 80' lang='lat' dir='ltr'>praetendant3</span> <span class='ocrx_word' id='word_1_73' title='bbox 641 935 785 990; x_wconf 90' lang='lat' dir='ltr'>ceterum</span> <span class='ocrx_word' id='word_1_74' title='bbox 817 926 862 989; x_wconf 89' lang='lat' dir='ltr'>ita</span> <span class='ocrx_word' id='word_1_75' title='bbox 893 926 925 988; x_wconf 91' lang='lat' dir='ltr'>in</span> <span class='ocrx_word' id='word_1_76' title='bbox 950 946 990 988; x_wconf 89' lang='lat' dir='ltr'>ea</span> <span class='ocrx_word' id='word_1_77' title='bbox 1011 925 1142 989; x_wconf 89' lang='lat' dir='ltr'>firmum</span> <span class='ocrx_word' id='word_1_78' title='bbox 1164 924 1312 990; x_wconf 87' lang='lat' dir='ltr'>libertati</span> 
     </span>
     <span class='ocr_line' id='line_1_10' title="bbox 173 1012 1312 1097; baseline 0.002 -23"><span class='ocrx_word' id='word_1_79' title='bbox 173 1014 243 1074; x_wconf 87' lang='lat' dir='ltr'>fore</span> <span class='ocrx_word' id='word_1_80' title='bbox 267 1013 476 1096; x_wconf 83' lang='lat' dir='ltr'>praesidium,</span> <span class='ocrx_word' id='word_1_81' title='bbox 511 1013 537 1074; x_wconf 91' lang='lat' dir='ltr'>si</span> <span class='ocrx_word' id='word_1_82' title='bbox 571 1034 633 1075; x_wconf 92' lang='lat' dir='ltr'>nec</span> <span class='ocrx_word' id='word_1_83' title='bbox 665 1012 773 1075; x_wconf 89' lang='lat' dir='ltr'>causis</span> <span class='ocrx_word' id='word_1_84' title='bbox 797 1034 858 1075; x_wconf 92' lang='lat' dir='ltr'>nec</span> <span class='ocrx_word' id='word_1_85' title='bbox 880 1013 1030 1097; x_wconf 90' lang='lat' dir='ltr'>personis</span> <span class='ocrx_word' id='word_1_86' title='bbox 1052 1012 1173 1093; x_wconf 86' lang='lat' dir='ltr'>variet;</span> <span class='ocrx_word' id='word_1_87' title='bbox 1206 1013 1241 1076; x_wconf 93' lang='lat' dir='ltr'>in</span> <span class='ocrx_word' id='word_1_88' title='bbox 1273 1014 1312 1076; x_wconf 90' lang='lat' dir='ltr'>iis</span> 
     </span>
     <span class='ocr_line' id='line_1_11' title="bbox 175 1096 1311 1183; baseline 0.003 -23"><span class='ocrx_word' id='word_1_89' title='bbox 175 1099 271 1179; x_wconf 90' lang='lat' dir='ltr'>enim,</span> <span class='ocrx_word' id='word_1_90' title='bbox 296 1099 351 1182; x_wconf 92' lang='lat' dir='ltr'>qui</span> <span class='ocrx_word' id='word_1_91' title='bbox 374 1098 570 1175; x_wconf 85' lang='lat' dir='ltr'>adserantur</span> <span class='ocrx_word' id='word_1_92' title='bbox 589 1097 622 1159; x_wconf 93' lang='lat' dir='ltr'>in</span> <span class='ocrx_word' id='word_1_93' title='bbox 644 1097 841 1182; x_wconf 90' lang='lat' dir='ltr'>libertatem,</span> <span class='ocrx_word' id='word_1_94' title='bbox 875 1099 950 1182; x_wconf 89' lang='lat' dir='ltr'>quia</span> <span class='ocrx_word' id='word_1_95' title='bbox 966 1156 968 1160; x_wconf 84' lang='lat'><em>.</em></span> <span class='ocrx_word' id='word_1_96' title='bbox 982 1098 1089 1183; x_wconf 83' lang='lat' dir='ltr'>quivis</span> <span class='ocrx_word' id='word_1_97' title='bbox 1113 1096 1186 1181; x_wconf 89' lang='lat' dir='ltr'>lege</span> <span class='ocrx_word' id='word_1_98' title='bbox 1210 1121 1311 1181; x_wconf 87' lang='lat' dir='ltr'>agere</span> 
     </span>
     <span class='ocr_line' id='line_1_12' title="bbox 96 1184 1311 1269; baseline 0.001 -22"><span class='ocrx_word' id='word_1_99' title='bbox 96 1211 97 1214; x_wconf 42' lang='lat'>¹</span> <span class='ocrx_word' id='word_1_100' title='bbox 175 1185 288 1269; x_wconf 86' lang='lat' dir='ltr'>possit,</span> <span class='ocrx_word' id='word_1_101' title='bbox 312 1184 344 1246; x_wconf 94' lang='lat' dir='ltr'>id</span> <span class='ocrx_word' id='word_1_102' title='bbox 367 1184 445 1247; x_wconf 89' lang='lat' dir='ltr'>iuris</span> <span class='ocrx_word' id='word_1_103' title='bbox 470 1205 555 1265; x_wconf 89' lang='lat' dir='ltr'>esse;</span> <span class='ocrx_word' id='word_1_104' title='bbox 578 1184 612 1246; x_wconf 92' lang='lat' dir='ltr'>in</span> <span class='ocrx_word' id='word_1_105' title='bbox 635 1205 683 1265; x_wconf 86' lang='lat' dir='ltr'>ea,</span> <span class='ocrx_word' id='word_1_106' title='bbox 701 1205 784 1268; x_wconf 89' lang='lat' dir='ltr'>quae</span> <span class='ocrx_word' id='word_1_107' title='bbox 800 1185 832 1247; x_wconf 93' lang='lat' dir='ltr'>in</span> <span class='ocrx_word' id='word_1_108' title='bbox 848 1184 950 1266; x_wconf 89' lang='lat' dir='ltr'>patris</span> <span class='ocrx_word' id='word_1_109' title='bbox 966 1204 1064 1246; x_wconf 91' lang='lat' dir='ltr'>manu</span> <span class='ocrx_word' id='word_1_110' title='bbox 1080 1184 1130 1263; x_wconf 87' lang='lat' dir='ltr'>sit,</span> <span class='ocrx_word' id='word_1_111' title='bbox 1147 1185 1311 1248; x_wconf 90' lang='lat' dir='ltr'>neminem</span> 
     </span>
     <span class='ocr_line' id='line_1_13' title="bbox 140 1268 1312 1356; baseline 0.005 -27"><span class='ocrx_word' id='word_1_112' title='bbox 140 1282 247 1333; x_wconf 81' lang='lat' dir='ltr'>sesse</span> <span class='ocrx_word' id='word_1_113' title='bbox 269 1268 378 1350; x_wconf 86' lang='lat' dir='ltr'>alium,</span> <span class='ocrx_word' id='word_1_114' title='bbox 403 1270 453 1332; x_wconf 90' lang='lat' dir='ltr'>cui</span> <span class='ocrx_word' id='word_1_115' title='bbox 478 1270 626 1333; x_wconf 89' lang='lat' dir='ltr'>dominus</span> <span class='ocrx_word' id='word_1_116' title='bbox 654 1269 860 1356; x_wconf 88' lang='lat' dir='ltr'>possessione</span> <span class='ocrx_word' id='word_1_117' title='bbox 894 1269 1002 1352; x_wconf 82' lang='lat' dir='ltr'>cedat3</span> <span class='ocrx_word' id='word_1_118' title='bbox 1035 1268 1166 1354; x_wconf 85' lang='lat' dir='ltr'>placere</span> <span class='ocrx_word' id='word_1_119' title='bbox 1198 1272 1312 1356; x_wconf 92' lang='lat' dir='ltr'>itaque</span> 
     </span>
     <span class='ocr_line' id='line_1_14' title="bbox 173 1355 1312 1456; baseline 0.003 -38"><span class='ocrx_word' id='word_1_120' title='bbox 173 1365 300 1456; x_wconf 85' lang='lat' dir='ltr'>patrem</span> <span class='ocrx_word' id='word_1_121' title='bbox 335 1356 464 1434; x_wconf 89' lang='lat' dir='ltr'>arcessi,</span> <span class='ocrx_word' id='word_1_122' title='bbox 495 1355 621 1420; x_wconf 89' lang='lat' dir='ltr'>interea</span> <span class='ocrx_word' id='word_1_123' title='bbox 642 1356 722 1419; x_wconf 89' lang='lat' dir='ltr'>iuris</span> <span class='ocrx_word' id='word_1_124' title='bbox 745 1356 795 1419; x_wconf 92' lang='lat' dir='ltr'>sui</span> <span class='ocrx_word' id='word_1_125' title='bbox 828 1357 985 1419; x_wconf 89' lang='lat' dir='ltr'>iacturam</span> <span class='ocrx_word' id='word_1_126' title='bbox 1017 1356 1218 1419; x_wconf 86' lang='lat' dir='ltr'>adsertorem</span> <span class='ocrx_word' id='word_1_127' title='bbox 1244 1379 1312 1421; x_wconf 93' lang='lat' dir='ltr'>non</span> 
     </span>
     <span class='ocr_line' id='line_1_15' title="bbox 173 1441 1309 1527; baseline 0.003 -24"><span class='ocrx_word' id='word_1_128' title='bbox 173 1447 292 1524; x_wconf 85' lang='lat' dir='ltr'>tacere,</span> <span class='ocrx_word' id='word_1_129' title='bbox 316 1444 392 1526; x_wconf 91' lang='lat' dir='ltr'>quin</span> <span class='ocrx_word' id='word_1_130' title='bbox 416 1441 515 1504; x_wconf 88' lang='lat' dir='ltr'>ducat</span> <span class='ocrx_word' id='word_1_131' title='bbox 536 1441 680 1525; x_wconf 87' lang='lat' dir='ltr'>puellam</span> <span class='ocrx_word' id='word_1_132' title='bbox 704 1441 947 1527; x_wconf 87' lang='lat' dir='ltr'>sistendamque</span> <span class='ocrx_word' id='word_1_133' title='bbox 969 1441 1002 1503; x_wconf 91' lang='lat' dir='ltr'>in</span> <span class='ocrx_word' id='word_1_134' title='bbox 1026 1442 1203 1505; x_wconf 88' lang='lat' dir='ltr'>adventum</span> <span class='ocrx_word' id='word_1_135' title='bbox 1227 1445 1309 1524; x_wconf 89' lang='lat' dir='ltr'>eius,</span> 
     </span>
     <span class='ocr_line' id='line_1_16' title="bbox 139 1527 1312 1612; baseline 0.001 -23"><span class='ocrx_word' id='word_1_136' title='bbox 139 1536 156 1582; x_wconf 88' lang='lat'>4</span> <span class='ocrx_word' id='word_1_137' title='bbox 175 1529 229 1612; x_wconf 89' lang='lat' dir='ltr'>qui</span> <span class='ocrx_word' id='word_1_138' title='bbox 253 1538 349 1612; x_wconf 85' lang='lat' dir='ltr'>pater</span> <span class='ocrx_word' id='word_1_139' title='bbox 372 1527 506 1604; x_wconf 89' lang='lat' dir='ltr'>dicatur,</span> <span class='ocrx_word' id='word_1_140' title='bbox 530 1528 709 1612; x_wconf 88' lang='lat' dir='ltr'>promittat.</span> <span class='ocrx_word' id='word_1_141' title='bbox 734 1528 891 1591; x_wconf 88' lang='lat' dir='ltr'>adversus</span> <span class='ocrx_word' id='word_1_142' title='bbox 913 1527 1062 1590; x_wconf 89' lang='lat' dir='ltr'>iniuriam</span> <span class='ocrx_word' id='word_1_143' title='bbox 1086 1527 1211 1591; x_wconf 83' lang='lat' dir='ltr'>decreti</span> <span class='ocrx_word' id='word_1_144' title='bbox 1235 1551 1312 1592; x_wconf 90' lang='lat' dir='ltr'>cum</span> 
     </span>
     <span class='ocr_line' id='line_1_17' title="bbox 174 1611 1310 1699; baseline 0.001 -24"><span class='ocrx_word' id='word_1_145' title='bbox 174 1611 268 1676; x_wconf 89' lang='lat' dir='ltr'>multi</span> <span class='ocrx_word' id='word_1_146' title='bbox 306 1613 408 1694; x_wconf 82' lang='lat' dir='ltr'>magis</span> <span class='ocrx_word' id='word_1_147' title='bbox 445 1613 631 1695; x_wconf 87' lang='lat' dir='ltr'>fremerent,</span> <span class='ocrx_word' id='word_1_148' title='bbox 671 1635 766 1698; x_wconf 83' lang='lat' dir='ltr'>quarn</span> <span class='ocrx_word' id='word_1_149' title='bbox 813 1615 986 1699; x_wconf 87' lang='lat' dir='ltr'>quisquam</span> <span class='ocrx_word' id='word_1_150' title='bbox 1030 1635 1114 1676; x_wconf 92' lang='lat' dir='ltr'>unus</span> <span class='ocrx_word' id='word_1_151' title='bbox 1153 1636 1310 1678; x_wconf 87' lang='lat' dir='ltr'>recusare</span> 
     </span>
     <span class='ocr_line' id='line_1_18' title="bbox 157 1696 1313 1785; baseline 0.003 -24"><span class='ocrx_word' id='word_1_152' title='bbox 157 1696 322 1780; x_wconf 81' lang='lat' dir='ltr'>auderet,</span> <span class='ocrx_word' id='word_1_153' title='bbox 356 1698 633 1779; x_wconf 50' lang='lat' dir='ltr'>P.‚Numitorius,</span> <span class='ocrx_word' id='word_1_154' title='bbox 651 1753 653 1757; x_wconf 95' lang='lat'>.</span> <span class='ocrx_word' id='word_1_155' title='bbox 671 1697 800 1785; x_wconf 90' lang='lat' dir='ltr'>puellae</span> <span class='ocrx_word' id='word_1_156' title='bbox 832 1721 923 1781; x_wconf 87' lang='lat' dir='ltr'>avus,</span> <span class='ocrx_word' id='word_1_157' title='bbox 959 1709 991 1762; x_wconf 91' lang='lat' dir='ltr'>et</span> <span class='ocrx_word' id='word_1_158' title='bbox 1024 1721 1166 1785; x_wconf 88' lang='lat' dir='ltr'>sponsus</span> <span class='ocrx_word' id='word_1_159' title='bbox 1198 1699 1313 1764; x_wconf 89' lang='lat' dir='ltr'>Icilius</span> 
     </span>
     <span class='ocr_line' id='line_1_19' title="bbox 137 1784 1312 1871; baseline 0.006 -29"><span class='ocrx_word' id='word_1_160' title='bbox 137 1795 153 1842; x_wconf 89' lang='lat'>5</span> <span class='ocrx_word' id='word_1_161' title='bbox 174 1785 407 1866; x_wconf 83' lang='lat' dir='ltr'>interveniunt3</span> <span class='ocrx_word' id='word_1_162' title='bbox 432 1785 573 1871; x_wconf 89' lang='lat' dir='ltr'>dataque</span> <span class='ocrx_word' id='word_1_163' title='bbox 595 1786 679 1848; x_wconf 89' lang='lat' dir='ltr'>inter</span> <span class='ocrx_word' id='word_1_164' title='bbox 701 1784 830 1848; x_wconf 88' lang='lat' dir='ltr'>turbam</span> <span class='ocrx_word' id='word_1_165' title='bbox 853 1786 916 1866; x_wconf 87' lang='lat' dir='ltr'>via,</span> <span class='ocrx_word' id='word_1_166' title='bbox 941 1807 1014 1848; x_wconf 90' lang='lat' dir='ltr'>cum</span> <span class='ocrx_word' id='word_1_167' title='bbox 1035 1784 1209 1849; x_wconf 89' lang='lat' dir='ltr'>multitudo</span> <span class='ocrx_word' id='word_1_168' title='bbox 1226 1785 1312 1849; x_wconf 90' lang='lat' dir='ltr'>Icilii</span> 
     </span>
     <span class='ocr_line' id='line_1_20' title="bbox 174 1870 1312 1955; baseline 0.002 -22"><span class='ocrx_word' id='word_1_169' title='bbox 174 1872 315 1933; x_wconf 85' lang='lat' dir='ltr'>maxime</span> <span class='ocrx_word' id='word_1_170' title='bbox 338 1872 522 1934; x_wconf 90' lang='lat' dir='ltr'>interventu</span> <span class='ocrx_word' id='word_1_171' title='bbox 544 1872 651 1935; x_wconf 88' lang='lat' dir='ltr'>resisti</span> <span class='ocrx_word' id='word_1_172' title='bbox 673 1892 769 1954; x_wconf 90' lang='lat' dir='ltr'>posse</span> <span class='ocrx_word' id='word_1_173' title='bbox 793 1872 902 1955; x_wconf 89' lang='lat' dir='ltr'>Appio</span> <span class='ocrx_word' id='word_1_174' title='bbox 936 1872 1093 1950; x_wconf 90' lang='lat' dir='ltr'>crederet,</span> <span class='ocrx_word' id='word_1_175' title='bbox 1127 1870 1222 1935; x_wconf 82' lang='lat' dir='ltr'>lictor</span> <span class='ocrx_word' id='word_1_176' title='bbox 1255 1872 1312 1936; x_wconf 92' lang='lat' dir='ltr'>de·</span> 
     </span>
     <span class='ocr_line' id='line_1_21' title="bbox 139 1955 1311 2043; baseline 0.006 -27"><span class='ocrx_word' id='word_1_177' title='bbox 139 1970 155 2016; x_wconf 80' lang='lat'><strong>6</strong></span> <span class='ocrx_word' id='word_1_178' title='bbox 174 1978 282 2021; x_wconf 90' lang='lat' dir='ltr'>cresse</span> <span class='ocrx_word' id='word_1_179' title='bbox 298 1957 342 2019; x_wconf 89' lang='lat' dir='ltr'>ait</span> <span class='ocrx_word' id='word_1_180' title='bbox 351 1956 649 2041; x_wconf 86' lang='lat' dir='ltr'>vociferantemque</span> <span class='ocrx_word' id='word_1_181' title='bbox 658 1955 787 2022; x_wconf 90' lang='lat' dir='ltr'>Icilium</span> <span class='ocrx_word' id='word_1_182' title='bbox 799 1956 980 2021; x_wconf 86' lang='lat' dir='ltr'>submovet.</span> <span class='ocrx_word' id='word_1_183' title='bbox 997 1955 1163 2043; x_wconf 89' lang='lat' dir='ltr'>placidum</span> <span class='ocrx_word' id='word_1_184' title='bbox 1175 1979 1311 2043; x_wconf 84' lang='lat' dir='ltr'>quoquc</span> 
     </span>
     <span class='ocr_line' id='line_1_22' title="bbox 174 2042 1309 2125; baseline 0.004 -22"><span class='ocrx_word' id='word_1_185' title='bbox 174 2043 338 2124; x_wconf 85' lang='lat' dir='ltr'>ingenium</span> <span class='ocrx_word' id='word_1_186' title='bbox 370 2051 437 2105; x_wconf 87' lang='lat' dir='ltr'>tam</span> <span class='ocrx_word' id='word_1_187' title='bbox 472 2052 565 2105; x_wconf 83' lang='lat' dir='ltr'>atrox</span> <span class='ocrx_word' id='word_1_188' title='bbox 601 2043 717 2104; x_wconf 87' lang='lat' dir='ltr'>iniuria</span> <span class='ocrx_word' id='word_1_189' title='bbox 748 2042 960 2107; x_wconf 91' lang='lat' dir='ltr'>accendisset.</span> <span class='ocrx_word' id='word_1_190' title='bbox 1001 2043 1105 2125; x_wconf 86' lang='lat' dir='ltr'>„ferro</span> <span class='ocrx_word' id='word_1_191' title='bbox 1139 2042 1216 2107; x_wconf 89' lang='lat' dir='ltr'>hinc</span> <span class='ocrx_word' id='word_1_192' title='bbox 1247 2044 1309 2107; x_wconf 88' lang='lat' dir='ltr'>tibi</span> 
     </span>
     <span class='ocr_line' id='line_1_23' title="bbox 174 2125 1311 2214; baseline 0.002 -25"><span class='ocrx_word' id='word_1_193' title='bbox 174 2128 416 2191; x_wconf 90' lang='lat' dir='ltr'>submovendus</span> <span class='ocrx_word' id='word_1_194' title='bbox 445 2150 526 2209; x_wconf 91' lang='lat' dir='ltr'>sum,</span> <span class='ocrx_word' id='word_1_195' title='bbox 550 2125 670 2212; x_wconf 81' lang='lat' dir='ltr'>Appi,“</span> <span class='ocrx_word' id='word_1_196' title='bbox 703 2128 816 2213; x_wconf 92' lang='lat' dir='ltr'>inquit,</span> <span class='ocrx_word' id='word_1_197' title='bbox 851 2137 907 2209; x_wconf 85' lang='lat' dir='ltr'>„ut</span> <span class='ocrx_word' id='word_1_198' title='bbox 928 2130 1061 2192; x_wconf 88' lang='lat' dir='ltr'>tacitum</span> <span class='ocrx_word' id='word_1_199' title='bbox 1090 2126 1186 2209; x_wconf 83' lang='lat' dir='ltr'>feras,</span> <span class='ocrx_word' id='word_1_200' title='bbox 1221 2130 1311 2214; x_wconf 93' lang='lat' dir='ltr'>quod</span> 
     </span>
     <span class='ocr_line' id='line_1_24' title="bbox 175 2211 1311 2300; baseline 0.003 -24"><span class='ocrx_word' id='word_1_201' title='bbox 175 2211 273 2276; x_wconf 90' lang='lat' dir='ltr'>celari</span> <span class='ocrx_word' id='word_1_202' title='bbox 307 2216 366 2277; x_wconf 90' lang='lat' dir='ltr'>vis.</span> <span class='ocrx_word' id='word_1_203' title='bbox 411 2214 570 2296; x_wconf 86' lang='lat' dir='ltr'>virginem</span> <span class='ocrx_word' id='word_1_204' title='bbox 603 2234 663 2296; x_wconf 90' lang='lat' dir='ltr'>ego</span> <span class='ocrx_word' id='word_1_205' title='bbox 695 2212 779 2276; x_wconf 88' lang='lat' dir='ltr'>bano</span> <span class='ocrx_word' id='word_1_206' title='bbox 810 2235 881 2276; x_wconf 90' lang='lat' dir='ltr'>sum</span> <span class='ocrx_word' id='word_1_207' title='bbox 919 2213 1074 2277; x_wconf 91' lang='lat' dir='ltr'>ducturus</span> <span class='ocrx_word' id='word_1_208' title='bbox 1105 2223 1311 2300; x_wconf 86' lang='lat' dir='ltr'>nuptamque</span> 
     </span>
     <span class='ocr_line' id='line_1_25' title="bbox 138 2298 1311 2387; baseline 0.003 -26"><span class='ocrx_word' id='word_1_209' title='bbox 138 2299 328 2384; x_wconf 72' lang='lat' dir='ltr'>&#39;spudicam</span> <span class='ocrx_word' id='word_1_210' title='bbox 366 2298 547 2364; x_wconf 89' lang='lat' dir='ltr'>habiturus.</span> <span class='ocrx_word' id='word_1_211' title='bbox 593 2299 730 2385; x_wconf 91' lang='lat' dir='ltr'>proinde</span> <span class='ocrx_word' id='word_1_212' title='bbox 773 2320 885 2363; x_wconf 90' lang='lat' dir='ltr'>omnes</span> <span class='ocrx_word' id='word_1_213' title='bbox 931 2299 1138 2383; x_wconf 79' lang='lat' dir='ltr'>conlegarum</span> <span class='ocrx_word' id='word_1_214' title='bbox 1177 2323 1311 2387; x_wconf 92' lang='lat' dir='ltr'>quoque</span> 
     </span>
     <span class='ocr_line' id='line_1_26' title="bbox 165 2384 1312 2471; baseline 0.001 -22"><span class='ocrx_word' id='word_1_215' title='bbox 165 2385 303 2457; x_wconf 52' lang='lat' dir='ltr'>,lictores</span> <span class='ocrx_word' id='word_1_216' title='bbox 343 2384 502 2468; x_wconf 82' lang='lat' dir='ltr'>convoca3</span> <span class='ocrx_word' id='word_1_217' title='bbox 540 2385 691 2471; x_wconf 88' lang='lat' dir='ltr'>expediri</span> <span class='ocrx_word' id='word_1_218' title='bbox 727 2385 837 2469; x_wconf 88' lang='lat' dir='ltr'>virgas</span> <span class='ocrx_word' id='word_1_219' title='bbox 875 2394 909 2449; x_wconf 86' lang='lat' dir='ltr'>et</span> <span class='ocrx_word' id='word_1_220' title='bbox 945 2408 1076 2449; x_wconf 88' lang='lat' dir='ltr'>secures</span> <span class='ocrx_word' id='word_1_221' title='bbox 1113 2386 1207 2467; x_wconf 82' lang='lat' dir='ltr'>iube3</span> <span class='ocrx_word' id='word_1_222' title='bbox 1245 2409 1312 2451; x_wconf 92' lang='lat' dir='ltr'>non</span> 
     </span>
     <span class='ocr_line' id='line_1_27' title="bbox 119 2470 1310 2557; baseline 0.005 -28"><span class='ocrx_word' id='word_1_223' title='bbox 119 2481 152 2529; x_wconf 85' lang='lat'>-8</span> <span class='ocrx_word' id='word_1_224' title='bbox 173 2471 327 2536; x_wconf 85' lang='lat' dir='ltr'>manebit·</span> <span class='ocrx_word' id='word_1_225' title='bbox 341 2482 435 2535; x_wconf 85' lang='lat' dir='ltr'>extra</span> <span class='ocrx_word' id='word_1_226' title='bbox 459 2473 591 2536; x_wconf 90' lang='lat' dir='ltr'>domum</span> <span class='ocrx_word' id='word_1_227' title='bbox 614 2471 715 2556; x_wconf 87' lang='lat' dir='ltr'>patris</span> <span class='ocrx_word' id='word_1_228' title='bbox 738 2493 859 2557; x_wconf 86' lang='lat' dir='ltr'>sponsa</span> <span class='ocrx_word' id='word_1_229' title='bbox 882 2470 973 2534; x_wconf 88' lang='lat' dir='ltr'>Icilii.</span> <span class='ocrx_word' id='word_1_230' title='bbox 1009 2493 1083 2547; x_wconf 91' lang='lat' dir='ltr'>non,</span> <span class='ocrx_word' id='word_1_231' title='bbox 1122 2473 1149 2535; x_wconf 92' lang='lat' dir='ltr'>si</span> <span class='ocrx_word' id='word_1_232' title='bbox 1172 2471 1310 2537; x_wconf 88' lang='lat' dir='ltr'>tribuni-</span> 
     </span>
     <span class='ocr_line' id='line_1_28' title="bbox 174 2556 1309 2643; baseline 0.001 -23"><span class='ocrx_word' id='word_1_233' title='bbox 174 2558 257 2621; x_wconf 92' lang='lat' dir='ltr'>cium</span> <span class='ocrx_word' id='word_1_234' title='bbox 283 2558 440 2620; x_wconf 85' lang='lat' dir='ltr'>auxilium</span> <span class='ocrx_word' id='word_1_235' title='bbox 464 2568 497 2622; x_wconf 91' lang='lat' dir='ltr'>et</span> <span class='ocrx_word' id='word_1_236' title='bbox 518 2559 785 2643; x_wconf 76' lang='lat' dir='ltr'>prouocationem</span> <span class='ocrx_word' id='word_1_237' title='bbox 808 2556 898 2642; x_wconf 91' lang='lat' dir='ltr'>plebi</span> <span class='ocrx_word' id='word_1_238' title='bbox 913 2557 1090 2638; x_wconf 87' lang='lat' dir='ltr'>Romanae,</span> <span class='ocrx_word' id='word_1_239' title='bbox 1115 2557 1195 2621; x_wconf 89' lang='lat' dir='ltr'>duas</span> <span class='ocrx_word' id='word_1_240' title='bbox 1212 2579 1309 2623; x_wconf 90' lang='lat' dir='ltr'>arces</span> 
     </span>
     <span class='ocr_line' id='line_1_29' title="bbox 172 2641 1309 2728; baseline 0.004 -24"><span class='ocrx_word' id='word_1_241' title='bbox 172 2641 331 2706; x_wconf 89' lang='lat' dir='ltr'>libertatis</span> <span class='ocrx_word' id='word_1_242' title='bbox 354 2645 505 2724; x_wconf 90' lang='lat' dir='ltr'>tuendae,</span> <span class='ocrx_word' id='word_1_243' title='bbox 529 2643 704 2725; x_wconf 89' lang='lat' dir='ltr'>ademistis,</span> <span class='ocrx_word' id='word_1_244' title='bbox 727 2643 801 2707; x_wconf 92' lang='lat' dir='ltr'>ideo</span> <span class='ocrx_word' id='word_1_245' title='bbox 824 2645 857 2707; x_wconf 92' lang='lat' dir='ltr'>in</span> <span class='ocrx_word' id='word_1_246' title='bbox 879 2641 1000 2707; x_wconf 87' lang='lat' dir='ltr'>liberos</span> <span class='ocrx_word' id='word_1_247' title='bbox 1024 2643 1155 2728; x_wconf 90' lang='lat' dir='ltr'>quoque</span> <span class='ocrx_word' id='word_1_248' title='bbox 1177 2655 1309 2708; x_wconf 90' lang='lat' dir='ltr'>nostros</span> 
     </span>
     <span class='ocr_line' id='line_1_30' title="bbox 138 2729 1309 2816; baseline 0.005 -29"><span class='ocrx_word' id='word_1_249' title='bbox 138 2730 392 2816; x_wconf 80' lang='lat' dir='ltr'>aconiugesque</span> <span class='ocrx_word' id='word_1_250' title='bbox 414 2751 551 2811; x_wconf 85' lang='lat' dir='ltr'>regnum</span> <span class='ocrx_word' id='word_1_251' title='bbox 572 2738 701 2793; x_wconf 89' lang='lat' dir='ltr'>vestrae</span> <span class='ocrx_word' id='word_1_252' title='bbox 723 2729 850 2792; x_wconf 90' lang='lat' dir='ltr'>libidini</span> <span class='ocrx_word' id='word_1_253' title='bbox 879 2729 990 2792; x_wconf 86' lang='lat' dir='ltr'>datum</span> <span class='ocrx_word' id='word_1_254' title='bbox 1014 2739 1073 2792; x_wconf 90' lang='lat' dir='ltr'>est.</span> <span class='ocrx_word' id='word_1_255' title='bbox 1112 2730 1235 2793; x_wconf 87' lang='lat' dir='ltr'>saevite</span> <span class='ocrx_word' id='word_1_256' title='bbox 1276 2732 1309 2794; x_wconf 93' lang='lat' dir='ltr'>in</span> 
     </span>
     <span class='ocr_line' id='line_1_31' title="bbox 172 2813 1309 2901; baseline 0.001 -24"><span class='ocrx_word' id='word_1_257' title='bbox 172 2826 301 2897; x_wconf 88' lang='lat' dir='ltr'>tergum</span> <span class='ocrx_word' id='word_1_258' title='bbox 324 2816 411 2879; x_wconf 86' lang='lat' dir='ltr'>etin</span> <span class='ocrx_word' id='word_1_259' title='bbox 435 2816 581 2879; x_wconf 87' lang='lat' dir='ltr'>cervices</span> <span class='ocrx_word' id='word_1_260' title='bbox 604 2825 744 2890; x_wconf 82' lang='lat' dir='ltr'>nostras3</span> <span class='ocrx_word' id='word_1_261' title='bbox 782 2815 939 2901; x_wconf 89' lang='lat' dir='ltr'>pudicitia</span> <span class='ocrx_word' id='word_1_262' title='bbox 962 2813 1077 2878; x_wconf 88' lang='lat' dir='ltr'>saltem</span> <span class='ocrx_word' id='word_1_263' title='bbox 1100 2816 1133 2877; x_wconf 92' lang='lat' dir='ltr'>in</span> <span class='ocrx_word' id='word_1_264' title='bbox 1155 2825 1226 2879; x_wconf 93' lang='lat' dir='ltr'>tuto</span> <span class='ocrx_word' id='word_1_265' title='bbox 1256 2817 1309 2879; x_wconf 90' lang='lat' dir='ltr'>sit.</span> 
     </span>
     <span class='ocr_line' id='line_1_32' title="bbox 172 2898 1310 2987; baseline 0.003 -25"><span class='ocrx_word' id='word_1_266' title='bbox 172 2900 249 2963; x_wconf 90' lang='lat' dir='ltr'>huic</span> <span class='ocrx_word' id='word_1_267' title='bbox 272 2901 300 2963; x_wconf 92' lang='lat' dir='ltr'>si</span> <span class='ocrx_word' id='word_1_268' title='bbox 321 2901 371 2964; x_wconf 87' lang='lat' dir='ltr'>vis</span> <span class='ocrx_word' id='word_1_269' title='bbox 388 2898 563 2978; x_wconf 74' lang='lat' dir='ltr'>adteretur,</span> <span class='ocrx_word' id='word_1_270' title='bbox 588 2922 648 2984; x_wconf 86' lang='lat' dir='ltr'>ego</span> <span class='ocrx_word' id='word_1_271' title='bbox 662 2903 884 2987; x_wconf 87' lang='lat' dir='ltr'>praesentium</span> <span class='ocrx_word' id='word_1_272' title='bbox 901 2899 1076 2980; x_wconf 76' lang='lat' dir='ltr'>Quiritium</span> <span class='ocrx_word' id='word_1_273' title='bbox 1095 2922 1155 2987; x_wconf 90' lang='lat' dir='ltr'>pro</span> <span class='ocrx_word' id='word_1_274' title='bbox 1177 2923 1310 2986; x_wconf 90' lang='lat' dir='ltr'>sponsa,</span> 
     </span>
     <span class='ocr_line' id='line_1_33' title="bbox 172 2985 1309 3070; baseline 0.003 -24"><span class='ocrx_word' id='word_1_275' title='bbox 172 2986 350 3070; x_wconf 88' lang='lat' dir='ltr'>Verginius</span> <span class='ocrx_word' id='word_1_276' title='bbox 374 2985 509 3049; x_wconf 90' lang='lat' dir='ltr'>militum</span> <span class='ocrx_word' id='word_1_277' title='bbox 535 3009 593 3069; x_wconf 91' lang='lat' dir='ltr'>pro</span> <span class='ocrx_word' id='word_1_278' title='bbox 618 2990 714 3051; x_wconf 90' lang='lat' dir='ltr'>unica</span> <span class='ocrx_word' id='word_1_279' title='bbox 735 2987 811 3069; x_wconf 88' lang='lat' dir='ltr'>filia,</span> <span class='ocrx_word' id='word_1_280' title='bbox 836 3009 949 3051; x_wconf 90' lang='lat' dir='ltr'>omnes</span> <span class='ocrx_word' id='word_1_281' title='bbox 974 2987 1109 3051; x_wconf 91' lang='lat' dir='ltr'>deorum</span> <span class='ocrx_word' id='word_1_282' title='bbox 1125 2986 1309 3049; x_wconf 89' lang='lat' dir='ltr'>hominum-</span> 
     </span>
     <span class='ocr_line' id='line_1_34' title="bbox 175 3071 1310 3159; baseline 0.003 -24"><span class='ocrx_word' id='word_1_283' title='bbox 175 3095 238 3159; x_wconf 93' lang='lat' dir='ltr'>que</span> <span class='ocrx_word' id='word_1_284' title='bbox 260 3071 507 3157; x_wconf 89' lang='lat' dir='ltr'>implorabimus</span> <span class='ocrx_word' id='word_1_285' title='bbox 529 3072 639 3154; x_wconf 88' lang='lat' dir='ltr'>fidem,</span> <span class='ocrx_word' id='word_1_286' title='bbox 663 3096 769 3158; x_wconf 89' lang='lat' dir='ltr'>neque</span> <span class='ocrx_word' id='word_1_287' title='bbox 791 3084 828 3136; x_wconf 90' lang='lat' dir='ltr'>tu</span> <span class='ocrx_word' id='word_1_288' title='bbox 849 3073 936 3137; x_wconf 91' lang='lat' dir='ltr'>istud</span> <span class='ocrx_word' id='word_1_289' title='bbox 959 3096 1114 3158; x_wconf 91' lang='lat' dir='ltr'>umquam</span> <span class='ocrx_word' id='word_1_290' title='bbox 1139 3073 1310 3138; x_wconf 89' lang='lat' dir='ltr'>decretum</span> 
     </span>
     <span class='ocr_line' id='line_1_35' title="bbox 123 3157 1305 3245; baseline 0.003 -28"><span class='ocrx_word' id='word_1_291' title='bbox 123 3160 243 3222; x_wconf 92' lang='lat' dir='ltr'>10·sine</span> <span class='ocrx_word' id='word_1_292' title='bbox 267 3159 368 3222; x_wconf 87' lang='lat' dir='ltr'>caede</span> <span class='ocrx_word' id='word_1_293' title='bbox 391 3168 502 3222; x_wconf 85' lang='lat' dir='ltr'>nostra</span> <span class='ocrx_word' id='word_1_294' title='bbox 524 3159 654 3223; x_wconf 87' lang='lat' dir='ltr'>referes.</span> <span class='ocrx_word' id='word_1_295' title='bbox 678 3157 819 3245; x_wconf 89' lang='lat' dir='ltr'>postulo,</span> <span class='ocrx_word' id='word_1_296' title='bbox 844 3160 940 3244; x_wconf 91' lang='lat' dir='ltr'>Appi,</span> <span class='ocrx_word' id='word_1_297' title='bbox 965 3161 1062 3223; x_wconf 88' lang='lat' dir='ltr'>etiam</span> <span class='ocrx_word' id='word_1_298' title='bbox 1086 3168 1185 3244; x_wconf 87' lang='lat' dir='ltr'>atque</span> <span class='ocrx_word' id='word_1_299' title='bbox 1206 3160 1305 3222; x_wconf 88' lang='lat' dir='ltr'>etiam</span> 
     </span>
     <span class='ocr_line' id='line_1_36' title="bbox 122 3243 1306 3330; baseline 0.002 -23"><span class='ocrx_word' id='word_1_300' title='bbox 122 3260 152 3307; x_wconf 93' lang='lat'>11</span> <span class='ocrx_word' id='word_1_301' title='bbox 176 3245 372 3323; x_wconf 87' lang='lat' dir='ltr'>consideres,</span> <span class='ocrx_word' id='word_1_302' title='bbox 397 3266 461 3329; x_wconf 89' lang='lat' dir='ltr'>quo</span> <span class='ocrx_word' id='word_1_303' title='bbox 484 3246 705 3330; x_wconf 78' lang='lat' dir='ltr'>progrediare.</span> <span class='ocrx_word' id='word_1_304' title='bbox 740 3244 915 3327; x_wconf 88' lang='lat' dir='ltr'>Verginius</span> <span class='ocrx_word' id='word_1_305' title='bbox 937 3246 1058 3308; x_wconf 84' lang='lat' dir='ltr'>viderit</span> <span class='ocrx_word' id='word_1_306' title='bbox 1081 3244 1122 3308; x_wconf 93' lang='lat' dir='ltr'>de</span> <span class='ocrx_word' id='word_1_307' title='bbox 1145 3243 1222 3325; x_wconf 89' lang='lat' dir='ltr'>filia,</span> <span class='ocrx_word' id='word_1_308' title='bbox 1246 3246 1306 3309; x_wconf 90' lang='lat' dir='ltr'>nbi</span> 
     </span>
     <span class='ocr_line' id='line_1_37' title="bbox 172 3330 1306 3416; baseline 0.001 -22"><span class='ocrx_word' id='word_1_309' title='bbox 172 3332 309 3411; x_wconf 89' lang='lat' dir='ltr'>venerit,</span> <span class='ocrx_word' id='word_1_310' title='bbox 333 3331 411 3416; x_wconf 88' lang='lat' dir='ltr'>quid</span> <span class='ocrx_word' id='word_1_311' title='bbox 435 3342 523 3414; x_wconf 80' lang='lat' dir='ltr'>agat3</span> <span class='ocrx_word' id='word_1_312' title='bbox 546 3331 610 3393; x_wconf 90' lang='lat' dir='ltr'>hoo</span> <span class='ocrx_word' id='word_1_313' title='bbox 633 3340 759 3394; x_wconf 89' lang='lat' dir='ltr'>tantum</span> <span class='ocrx_word' id='word_1_314' title='bbox 781 3331 872 3409; x_wconf 89' lang='lat' dir='ltr'>sciat,</span> <span class='ocrx_word' id='word_1_315' title='bbox 896 3330 966 3410; x_wconf 90' lang='lat' dir='ltr'>sibi,</span> <span class='ocrx_word' id='word_1_316' title='bbox 991 3332 1018 3394; x_wconf 91' lang='lat' dir='ltr'>si</span> <span class='ocrx_word' id='word_1_317' title='bbox 1041 3330 1138 3394; x_wconf 89' lang='lat' dir='ltr'>huius</span> <span class='ocrx_word' id='word_1_318' title='bbox 1153 3331 1306 3395; x_wconf 88' lang='lat' dir='ltr'>vindiciis</span> 
     </span>
     <span class='ocr_line' id='line_1_38' title="bbox 174 3415 1307 3501; baseline 0.002 -21"><span class='ocrx_word' id='word_1_319' title='bbox 174 3417 315 3495; x_wconf 89' lang='lat' dir='ltr'>cesserit,</span> <span class='ocrx_word' id='word_1_320' title='bbox 334 3417 560 3480; x_wconf 89' lang='lat' dir='ltr'>condicionem</span> <span class='ocrx_word' id='word_1_321' title='bbox 575 3416 660 3480; x_wconf 90' lang='lat' dir='ltr'>filiae</span> <span class='ocrx_word' id='word_1_322' title='bbox 676 3415 895 3501; x_wconf 87' lang='lat' dir='ltr'>quaerendam</span> <span class='ocrx_word' id='word_1_323' title='bbox 914 3438 995 3480; x_wconf 91' lang='lat' dir='ltr'>esse.</span> <span class='ocrx_word' id='word_1_324' title='bbox 1012 3439 1065 3479; x_wconf 92' lang='lat' dir='ltr'>me</span> <span class='ocrx_word' id='word_1_325' title='bbox 1082 3418 1307 3482; x_wconf 87' lang='lat' dir='ltr'>vindicantem</span> 
     </span>
     <span class='ocr_line' id='line_1_39' title="bbox 173 3499 1208 3588; baseline 0 -22"><span class='ocrx_word' id='word_1_326' title='bbox 173 3525 327 3588; x_wconf 86' lang='lat' dir='ltr'>sponsam</span> <span class='ocrx_word' id='word_1_327' title='bbox 351 3503 383 3565; x_wconf 93' lang='lat' dir='ltr'>in</span> <span class='ocrx_word' id='word_1_328' title='bbox 406 3501 591 3566; x_wconf 85' lang='lat' dir='ltr'>libertatem</span> <span class='ocrx_word' id='word_1_329' title='bbox 614 3503 683 3566; x_wconf 83' lang='lat' dir='ltr'>vita</span> <span class='ocrx_word' id='word_1_330' title='bbox 705 3501 799 3565; x_wconf 88' lang='lat' dir='ltr'>citius</span> <span class='ocrx_word' id='word_1_331' title='bbox 823 3501 953 3565; x_wconf 89' lang='lat' dir='ltr'>deseret</span> <span class='ocrx_word' id='word_1_332' title='bbox 976 3524 1073 3587; x_wconf 90' lang='lat' dir='ltr'>quam</span> <span class='ocrx_word' id='word_1_333' title='bbox 1095 3499 1208 3567; x_wconf 83' lang='lat' dir='ltr'>fides.“</span> 
     </span>
     <span class='ocr_line' id='line_1_40' title="bbox 138 3586 1308 3673; baseline 0.002 -22"><span class='ocrx_word' id='word_1_334' title='bbox 138 3605 151 3651; x_wconf 93' lang='lat'>1</span> <span class='ocrx_word' id='word_1_335' title='bbox 274 3587 396 3651; x_wconf 87' lang='lat' dir='ltr'>XLVI.</span> <span class='ocrx_word' id='word_1_336' title='bbox 421 3586 588 3652; x_wconf 80' lang='lat' dir='ltr'>Concitata</span> <span class='ocrx_word' id='word_1_337' title='bbox 615 3587 788 3651; x_wconf 89' lang='lat' dir='ltr'>multitudo</span> <span class='ocrx_word' id='word_1_338' title='bbox 821 3597 890 3652; x_wconf 91' lang='lat' dir='ltr'>erat</span> <span class='ocrx_word' id='word_1_339' title='bbox 921 3602 1153 3673; x_wconf 88' lang='lat' dir='ltr'>certamenque</span> <span class='ocrx_word' id='word_1_340' title='bbox 1184 3590 1308 3653; x_wconf 86' lang='lat' dir='ltr'>instare</span> 
     </span>
     <span class='ocr_line' id='line_1_41' title="bbox 171 3673 1306 3752; baseline -0.001 -14"><span class='ocrx_word' id='word_1_341' title='bbox 171 3673 354 3738; x_wconf 87' lang='lat' dir='ltr'>videbatur.</span> <span class='ocrx_word' id='word_1_342' title='bbox 377 3673 509 3738; x_wconf 88' lang='lat' dir='ltr'>lictores</span> <span class='ocrx_word' id='word_1_343' title='bbox 533 3673 658 3737; x_wconf 89' lang='lat' dir='ltr'>Icilium</span> <span class='ocrx_word' id='word_1_344' title='bbox 682 3675 973 3752; x_wconf 81' lang='lat' dir='ltr'>circumsteterant3</span> <span class='ocrx_word' id='word_1_345' title='bbox 1007 3696 1068 3737; x_wconf 90' lang='lat' dir='ltr'>nec</span> <span class='ocrx_word' id='word_1_346' title='bbox 1091 3674 1177 3737; x_wconf 88' lang='lat' dir='ltr'>ultra</span> <span class='ocrx_word' id='word_1_347' title='bbox 1200 3677 1306 3738; x_wconf 89' lang='lat' dir='ltr'>minas</span> 
     </span>
     <span class='ocr_line' id='line_1_42' title="bbox 137 3759 1307 3845; baseline -0.003 -21"><span class='ocrx_word' id='word_1_348' title='bbox 137 3770 280 3824; x_wconf 77' lang='lat' dir='ltr'>atamen</span> <span class='ocrx_word' id='word_1_349' title='bbox 303 3782 492 3845; x_wconf 87' lang='lat' dir='ltr'>processum</span> <span class='ocrx_word' id='word_1_350' title='bbox 517 3770 574 3841; x_wconf 89' lang='lat' dir='ltr'>est,</span> <span class='ocrx_word' id='word_1_351' title='bbox 607 3782 680 3823; x_wconf 92' lang='lat' dir='ltr'>cum</span> <span class='ocrx_word' id='word_1_352' title='bbox 704 3759 833 3845; x_wconf 85' lang='lat' dir='ltr'>Appius</span> <span class='ocrx_word' id='word_1_353' title='bbox 867 3781 931 3822; x_wconf 91' lang='lat' dir='ltr'>non</span> <span class='ocrx_word' id='word_1_354' title='bbox 954 3759 1141 3841; x_wconf 87' lang='lat' dir='ltr'>Verginiam</span> <span class='ocrx_word' id='word_1_355' title='bbox 1174 3760 1307 3824; x_wconf 85' lang='lat' dir='ltr'>defendi</span> 
     </span>
     <span class='ocr_line' id='line_1_43' title="bbox 159 3844 1306 3934; baseline 0.004 -29"><span class='ocrx_word' id='word_1_356' title='bbox 159 3845 204 3907; x_wconf 84' lang='lat' dir='ltr'>ab</span> <span class='ocrx_word' id='word_1_357' title='bbox 225 3844 333 3928; x_wconf 82' lang='lat' dir='ltr'>Icili0,</span> <span class='ocrx_word' id='word_1_358' title='bbox 358 3846 419 3912; x_wconf 90' lang='lat' dir='ltr'>sed</span> <span class='ocrx_word' id='word_1_359' title='bbox 443 3846 626 3934; x_wconf 89' lang='lat' dir='ltr'>inquietum</span> <span class='ocrx_word' id='word_1_360' title='bbox 648 3845 813 3926; x_wconf 87' lang='lat' dir='ltr'>hominem</span> <span class='ocrx_word' id='word_1_361' title='bbox 835 3854 868 3910; x_wconf 86' lang='lat' dir='ltr'>et</span> <span class='ocrx_word' id='word_1_362' title='bbox 889 3845 1089 3909; x_wconf 89' lang='lat' dir='ltr'>tribunatum</span> <span class='ocrx_word' id='word_1_363' title='bbox 1106 3848 1204 3910; x_wconf 91' lang='lat' dir='ltr'>etiam</span> <span class='ocrx_word' id='word_1_364' title='bbox 1219 3868 1306 3910; x_wconf 90' lang='lat' dir='ltr'>nunc</span> 
     </span>
    </p>
   </div>
   <div class='ocr_carea' id='block_1_3' title="bbox 0 0 1374 4146">
    <p class='ocr_par' dir='ltr' id='par_1_3' title="bbox 0 0 1374 4146">
     <span class='ocr_line' id='line_1_44' title="bbox 0 0 1374 4146; baseline 0 1"><span class='ocrx_word' id='word_1_365' title='bbox 0 0 1374 4146; x_wconf 95' lang='lat' dir='ltr'> </span> 
     </span>
    </p>
   </div>
  </div>
 </body>
</html>
