2738 4146
87 107 148 168 222
179 109 181 113 ’
402 118 510 168 LIBER
527 118 575 169 111.
595 117 670 168 OAP.
689 120 731 168 4⁷.
749 120 791 169 48.
812 115 846 184 [a.
864 116 899 168 U.
917 133 940 168 c.
958 115 1027 184 3051.

138 293 236 357 tacito
259 289 338 356 fletu
361 313 459 392 quam
489 289 556 354 ulla
577 312 644 354 vox
672 289 836 355 movebat.
875 289 1033 353 adversus
1057 311 1142 374 quae
1165 289 1272 354 omnia

139 378 301 443 obstinato
324 399 431 441 ammo
455 375 582 461 Appius
605 413 648 423 —
669 385 759 440 tanta
780 377 830 440 vis
854 376 1013 455 amentiae
1041 377 1151 441 verius
1175 398 1272 462 quam

139 465 259 528 amoris
282 473 424 527 mentem
447 464 639 528 turbaverat
659 496 703 509 —
725 463 757 526 in
780 460 922 526 tribunal
946 461 1101 542 escendit,
1131 471 1165 525 et
1186 462 1271 526 ultro

140 559 298 635 querente
313 571 417 634 pauca
438 549 590 635 petitore,
613 548 701 634 quod
716 549 766 611 ius
782 546 844 611 sibi
859 548 964 632 pridie
987 547 1273 632 per-ambitIonem

140 639 261 700 dictum
283 657 349 699 non
372 644 468 717 esset,
497 635 688 784 priusquam
719 643 775 698 aut
796 633 851 697 ille
874 631 1075 718 postulatum
1098 645 1274 718 perageret

140 733 197 787 aut
219 721 376 806 Verginio
408 721 594 806 responden
619 721 631 784 i
653 722 786 784 daretur
807 719 908 801 locus,
930 717 1065 804 Appius
1089 719 1273 784 interfatur.

9 814 12 820 '
106 820 238 894 squam
261 807 395 871 decreto
410 828 592 870 sermonem
613 806 844 890 praetenderit,
867 805 975 869 forsan
991 803 1135 891 aliquem
1156 828 1273 871 verum

140 902 290 958 auctores
321 894 445 978 antiqui
467 891 675 972 tradiderint;
708 893 784 979 qnia
815 913 976 992 nusquqm
999 889 1102 954 ullum
1124 892 1158 954 in
1182 901 1274 956 tanta

139 979 295 1044 foeditate
328 979 452 1042 decreti
480 979 551 1043 veri
587 977 725 1042 similem
755 978 898 1059 invenio,
934 976 979 1058 1d,
1013 977 1101 1062 quod
1134 986 1273 1059 constat,

140 1066 265 1130 nudum
285 1064 416 1130 videtur
437 1064 698 1149 proponendum,
732 1063 883 1128 decresse
910 1062 1067 1128 vindicias
1091 1064 1275 1127 secundum

106 1152 342 1216 sservitutem.
364 1151 470 1235 primo
494 1158 608 1234 stupor
630 1172 741 1214 omnes
756 1149 969 1214 admiratione
992 1149 1040 1212 rei
1061 1156 1129 1212 tam
1152 1150 1274 1213 atrocis

142 1235 269 1317 defixit3
307 1235 466 1300 silentium
504 1236 578 1298 inde
610 1234 811 1321 aliquamdiu
840 1236 954 1299 tenuit.
994 1234 1079 1316 dein,
1118 1256 1194 1298 cnm
1226 1235 1271 1300 M.

141 1321 298 1388 Claudius
321 1321 606 1386 circumstantibus
628 1323 785 1385 matronis
807 1322 870 1385 iret
892 1321 934 1383 ad
959 1321 1183 1405 prendendam
1206 1322 1272 1386 vir·

141 1409 259 1491 ginem,
280 1406 562 1494 lamentabilisque
579 1430 653 1471 eum
668 1407 840 1471 mulierum
857 1405 1057 1490 conploratio
1076 1408 1273 1492 excepisset,

107 1510 121 1558 '1
141 1494 315 1578 Verginius
336 1494 497 1558 intentans
520 1494 552 1556 in
568 1494 711 1579 Appium
733 1516 847 1565 manus
865 1491 996 1578 ,Icilio“
1019 1493 1133 1577 inquit,
1151 1493 1273 1578 „Appi,

141 1602 204 1643 non
227 1578 297 1643 tibi·
308 1578 406 1643 filiam
431 1579 590 1664 despondi
614 1589 646 1643 et
668 1579 710 1642 ad
732 1580 919 1665 nuptiarum
942 1579 1108 1660 honorem,
1141 1601 1208 1643 non
1230 1579 1274 1642 ad

142 1664 298 1729 amiculae
322 1665 464 1729 dedecus
488 1665 634 1728 educavi.
666 1665 837 1750 passurine
859 1664 941 1728 haec
972 1665 1026 1729 isti
1047 1665 1120 1744 siut,
1143 1665 1274 1746 nesci03

105 1768 122 1816 8
141 1773 206 1815 non
221 1774 317 1836 spero
334 1774 406 1816 esse
428 1772 580 1834 passuros
603 1750 685 1829 illos,
710 1752 765 1836 qui
789 1773 879 1814 arma
897 1750 1051 1815 habent“.
1075 1773 1150 1814 cum
1164 1749 1274 1837 repel-

140 1838 262 1901 leretur
282 1838 428 1901 adsertor
442 1838 576 1920 virginis
592 1859 611 1899 a
626 1835 723 1920 globo
739 1836 912 1901 mulierum
928 1837 1274 1923 circumstantiumque

141 1923 385 2002 advocatorum,
410 1921 570 1985 silentium
593 1922 710 1985 factum
735 1946 795 2007 per
817 1944 1020 2008 praeconem.

108 2027 121 2074 1
243 2008 400 2071 XLVIII.
417 2008 602 2089 Decemvir,
619 2006 756 2072 alienato
778 2008 820 2071 ad
841 2007 1010 2072 libidinem
1031 2009 1150 2088 animo,
1172 2016 1274 2091 negat

142 2117 185 2157 ex
217 2092 371 2158 hesterno
409 2103 534 2156 tantum
565 2094 710 2158 convicio
746 2092 829 2157 Icilii
860 2092 1080 2179 violentiaque
1113 2093 1272 2177 Verginii,

143 2181 233 2243 cuius
255 2187 374 2243 testem
397 2177 553 2266 populum
575 2180 757 2243 Romanum
779 2178 910 2261 babeat,
934 2180 993 2243 sed
1017 2180 1113 2243 certis
1137 2200 1271 2264 quoque

142 2265 268 2329 indiciis
300 2275 504 2351 compertum
535 2286 569 2328 se
604 2263 725 2329 habere
758 2274 854 2329 nocte
885 2274 954 2329 tota
986 2275 1098 2329 coetus
1130 2266 1164 2328 in
1185 2264 1272 2328 urbe

106 2367 122 2414 a
141 2352 246 2416 factos
262 2373 334 2416 esse
351 2352 392 2414 ad
408 2351 601 2415 movendam
619 2351 819 2416 seditionem.
842 2352 952 2436 itaque
968 2374 1003 2415 se
1025 2350 1114 2414 haud
1135 2352 1273 2414 inscium

143 2439 212 2502 eius
236 2437 450 2501 dimicationis
483 2460 555 2500 cum
586 2439 717 2501 armatis
741 2438 961 2517 descendisse,
992 2459 1057 2500 non
1088 2445 1126 2500 ut
1158 2458 1271 2523 quem-

143 2546 240 2608 quam
264 2524 408 2609 quietum
431 2523 577 2597 violaret,
602 2522 660 2587 sed
682 2533 718 2586 ut
740 2523 908 2587 turbantes
925 2524 1062 2586 civitatis
1086 2524 1188 2586 otium
1211 2542 1272 2607 pro

107 2610 311 2673 amaiestate
333 2610 461 2693 imperii
489 2618 662 2673 coerceret.
698 2610 855 2693 „proinde
887 2609 1016 2695 quiesse
1040 2609 1103 2673 erit
1132 2606 1270 2671 melius“

35 2726 37 2729 ·
143 2695 261 2779 inquit3
296 2696 335 2776 ,i,
368 2693 472 2776 lictor,
507 2693 666 2760 submove
688 2695 818 2758 turbam
841 2705 874 2760 et
897 2696 938 2758 da
960 2696 1047 2759 viam
1071 2694 1202 2758 domino
1227 2694 1269 2757 ad

142 2779 369 2864 prendendum
392 2780 618 2865 mancipium“.
642 2802 715 2844 cum
737 2782 819 2846 haec
840 2782 1032 2844 intonuisset
1054 2779 1169 2865 plenus
1191 2781 1271 2861 irae,

142 2863 316 2929 multitudo
347 2867 418 2948 ipsa
449 2888 484 2929 se
515 2888 575 2930 sua
602 2871 716 2953 sponte
752 2868 894 2944 dimovit,
929 2868 1124 2952 desertaque
1146 2867 1272 2952 praeda

105 2965 123 3012 4
141 2952 276 3014 iniuriae
293 2951 402 3037 puella
418 2952 534 3015 stabat.
551 2963 619 3017 tum
636 2952 820 3037 Verginius,
836 2954 893 3017 ubi
907 2952 988 3016 nihil
1003 2974 1141 3038 usquam
1157 2951 1271 3013 auxilii

141 3037 231 3113 vidit,
258 3038 419 3123 ,quaeso“
444 3040 557 3124 inquit,
576 3039 692 3127 „Appi
715 3041 855 3125 primum
871 3041 1002 3121 ignosce
1025 3039 1130 3124 patrio
1154 3036 1270 3115 dolori,

143 3125 170 3186 si
193 3145 257 3207 quo
280 3123 503 3188 inclementius
530 3126 563 3188 in
598 3136 630 3190 te
661 3149 732 3191 sum
754 3127 915 3203 invectus3
949 3126 1066 3188 deinde
1099 3125 1185 3187 sinas
1217 3122 1271 3185 hic

143 3231 252 3271 coram
275 3211 401 3292 virgine
421 3212 579 3274 nutricem
601 3213 815 3296 percunctari,
839 3210 918 3298 quid
942 3210 1006 3274 hoc
1028 3211 1077 3274 rei
1100 3211 1150 3288 sit,
1174 3217 1221 3288 ut,
1245 3209 1271 3271 si

141 3293 222 3358 falso
255 3305 349 3379 pater
381 3295 485 3359 dictus
520 3319 600 3378 sum,
634 3297 787 3381 aequiore
817 3295 893 3359 hinc
924 3297 1030 3359 animo
1067 3290 1267 3359 discedam“.

105 3381 219 3443 adata
240 3382 337 3444 venia
372 3382 498 3446 seducit
521 3381 618 3444 filiam
650 3403 688 3444 ac
710 3382 868 3445 nutricem
900 3403 1006 3466 prope
1030 3381 1204 3447 Cloacinae
1228 3381 1269 3446 ad

142 3465 306 3545 tabernas,
331 3467 449 3552 quibus
472 3489 558 3530 nunc
581 3468 675 3530 novis
699 3475 747 3531 est
768 3488 896 3549 nomen,
929 3479 1027 3552 atque
1049 3468 1095 3530 ibi
1119 3468 1159 3531 ab
1182 3467 1269 3532 lanio

144 3551 247 3615 cultro
272 3563 403 3638 arrepto
430 3553 511 3633 ,hoc
543 3562 575 3616 te
597 3574 662 3616 uno
687 3574 750 3637 quo
774 3553 928 3638 possum“
961 3554 1006 3617 ait
1030 3554 1158 3634 „modo,
1192 3553 1270 3635 filia,

143 3639 174 3698 in
198 3636 384 3702 libertatem
406 3635 565 3701 vindico“.
598 3647 712 3724 pectus
736 3638 854 3703 deinde
901 3637 1007 3703 uellae
1029 3638 1192 3722 transfigit
1222 3662 1272 3702 re·

142 3733 359 3809 spectansque
382 3722 591 3787 adtribunal
615 3722 686 3807 ,te“
711 3725 824 3810 inquit,
849 3661 967 3809 „dppi
991 3734 1150 3807 tuumque
1174 3734 1272 3808 caput

92 3810 291 3890 esangurne
312 3809 380 3875 lroo
403 3808 593 3876 conseor0“.
618 3808 760 3876 clamore
782 3811 827 3876 ad
845 3821 914 3876 tam
936 3820 1030 3873 atrox
1052 3810 1175 3872 facinus
1199 3820 1271 3873 orto
