2738 4146
85 139 148 196 220
224 210 226 214 ‚
323 151 432 202 11111
449 153 497 202 m.
517 151 591 201 cnr.
611 154 652 202 41.
671 153 773 202 4141.
794 151 827 218 [a.
845 151 879 202 1.
896 167 919 202 s.
938 149 1008 219 eost.

139 345 237 387 causa
261 322 420 387 dixissent
446 322 573 406 abesse,
605 322 707 387 biduo
740 323 941 395 adfuturum,
976 322 1009 387 si·
1037 321 1209 387 nuntiatum
1228 317 1257 382 ei·

87 411 189 491 rasit,
212 411 358 496 iniquum
383 431 455 474 esse
478 409 647 473 absentem
680 409 721 472 de
753 406 864 472 liberis
897 408 1065 488 dimicare,
1098 407 1250 496 postulant,

138 506 266 559 utrem
289 498 449 578 integram
472 497 505 559 in
528 497 632 581 patris
656 495 832 559 adventum
861 493 1000 575 differat,
1034 493 1109 579 lege
1135 495 1176 558 'ab
1196 496 1251 579 ipso

138 581 205 644 lata
226 582 386 646 vindicias
410 583 466 644 det
481 582 660 645 secundum
677 580 862 644 libertatem
878 603 942 644 neu
957 581 1103 666 patiatur
1117 583 1251 666 virginem

138 666 284 731 adultam
307 667 414 731 famae
436 668 527 752 prius
551 689 649 751 quam
672 663 832 731 libertatis
856 666 1038 752 periculum
1062 667 1164 731 adire.

102 771 116 816 1
206 772 208 776 ’
241 752 344 818 XLV.
370 755 498 840 Appius
515 754 647 816 decreto
663 752 845 838 praefatur:
869 775 972 837 quam⁴
988 750 1133 817 libertati
1147 749 1252 828 faverit,

140 861 212 903 eam
235 843 338 924 ipsam
361 838 474 922 legem*
503 838 681 921 declarare,
714 861 811 923 quam
834 837 982 922 Verginii
1005 839 1102 902 amici
1133 835 1252 923 postula-

104 927 217 989 2tioni
234 925 320 989 'suae
343 925 573 1010 praetendant;
606 934 749 989 ceterum
781 925 828 987 ita
858 925 891 986 in
915 945 955 987 ea
976 924 1108 988 firmum
1131 920 1253 988 libertati

138 1013 208 1074 fore
233 1012 442 1096 praesidium,
476 1013 502 1073 si
536 1032 598 1074 nec
630 1011 739 1074 causis.
762 1032 823 1074 nec
846 1011 995 1096 personis
1018 1011 1140 1093 variet3
1170 1011 1201 1074 in
1224 1007 1254 1068 iis

140 1099 236 1178 enim,
261 1099 316 1182 qui
339 1097 533 1161 adserantur
554 1097 587 1158 in
610 1096 806 1178 libertatem,
840 1097 915 1181 quia
931 1154 933 1159 .
948 1097 1056 1181 quivis
1078 1095 1151 1180 lege
1173 1112 1253 1179 agere

140 1185 253 1269 possit,
277 1184 310 1245 id
333 1184 411 1246 iuris
435 1204 521 1264 esse3
543 1183 577 1245 in
601 1204 648 1264 ea,
666 1204 750 1267 quae
765 1183 798 1244 in
813 1183 915 1266 patris
931 1204 1030 1246 manu
1046 1183 1096 1264 sit,
1113 1183 1254 1246 neminem

105 1282 212 1332 cesse
234 1267 343 1349 alium,
368 1269 418 1331 cui
443 1268 591 1332 dominus
619 1267 826 1354 possessione
859 1269 968 1351 cedat;
1000 1267 1133 1354 placere
1162 1270 1255 1351 itaque

138 1365 266 1456 patrem
300 1355 430 1433 arcessi,
461 1353 586 1418 interea
608 1355 688 1418 iuris
710 1355 760 1417 sui
793 1356 950 1417 iacturam
983 1356 1182 1419 adsertorem
1204 1368 1257 1416 nou

138 1447 257 1523 tacere,
281 1443 357 1525 quin
382 1440 480 1503 ducat
501 1439 646 1524 puellam
669 1440 912 1526 sistendamque
934 1439 968 1502 iu
991 1441 1168 1504 adventum
1189 1441 1255 1513 eius,

104 1535 121 1581 4
141 1527 195 1612 qui
219 1537 314 1611 pater
337 1526 471 1602 dicatur,
496 1526 674 1610 promittat.
699 1527 856 1590 adversus
878 1526 1027 1589 iniuriam
1052 1527 1258 1591 decreticum

139 1611 233 1674 multi
270 1613 374 1693 magis
411 1613 596 1693 fremerent,
635 1633 731 1696 quam
779 1614 951 1697 quisquam
996 1635 1080 1676 unus
1119 1625 1257 1677 recusare

123 1695 286 1779 auderet,
321 1697 598 1778 P.,Numitorius,
616 1751 618 1755 ,
636 1696 765 1783 puellae
797 1719 888 1778 avus,
924 1707 957 1761 et
989 1720 1132 1784 sponsus
1163 1696 1260 1761 Icilius

103 1784 372 1865 5intc1·veniunt;
397 1785 538 1870 dataque
560 1785 643 1846 inter
666 1782 796 1847 turbam
818 1785 882 1864 via,
906 1804 980 1846 curn
1000 1783 1174 1849 multitudo
1189 1775 1260 1847 Icilii

139 1871 280 1932 maxime
303 1871 487 1933 interventu
509 1870 615 1933 resisti
638 1890 735 1953 posse
758 1870 867 1954 Appio
901 1870 1058 1950 crederet,
1093 1870 1187 1935 lictor
1215 1867 1259 1930 de·

105 1968 120 2015 6
140 1977 248 2019 cresse
263 1955 307 2018 ait
316 1955 614 2041 vociferantemque
623 1953 751 2021 Icilium
764 1954 946 2020 submovet.
962 1954 1130 2041 placidum
1142 1972 1258 2043 quoque

138 2041 304 2122 ingenium
335 2049 402 2103 tam
437 2051 531 2104 atrox
567 2041 682 2103 iniuria
713 2041 925 2105 accendisset.
966 2040 1071 2124 ,ferro
1105 2040 1182 2106 hinc
1210 2036 1258 2105 tibi

139 2126 381 2190 submovendus
411 2149 491 2206 sum,
515 2124 635 2211 Appi,“
668 2127 781 2212 inquit,
816 2136 872 2208 „ut
893 2128 1027 2190 tacitum
1055 2126 1153 2208 feras,
1186 2122 1261 2214 quod

140 2209 239 2275 celari
272 2214 331 2275 vis.
376 2214 534 2295 virginem
568 2233 628 2295 ego
660 2211 743 2276 hanc
775 2235 846 2276 sum
885 2213 1039 2276 ducturus
1071 2223 1262 2298 nuptamque

104 2314 118 2360 7
165 2298 294 2360 udicam
332 2297 512 2362 habiturus.
558 2299 695 2383 proinde
738 2320 850 2362 omnes
895 2297 1105 2382 conlegarum
1143 2319 1263 2386 quoque

138 2321 269 2448 lictores
308 2384 467 2466 convoca3
505 2385 656 2469 expediri
692 2385 801 2468 virgas
840 2392 874 2449 et
910 2406 1042 2448 secures
1078 2384 1174 2467 iube3
1210 2405 1266 2449 non

84 2480 118 2528 -8
139 2470 292 2535 manebit
307 2480 400 2533 extra
424 2471 556 2535 domum
579 2471 679 2556 patris
703 2492 824 2555 sponsa
847 2468 937 2533 Icilii.
974 2493 1048 2547 non,
1087 2473 1115 2534 si
1138 2470 1267 2535 tribuni-

140 2557 224 2620 cium
248 2557 405 2619 auxilium
430 2567 463 2621 et
484 2557 750 2641 provocationem
772 2555 863 2641 plebi
878 2556 1055 2636 Romanae,
1080 2556 1162 2620 duas
1180 2578 1268 2622 arces

137 2640 296 2706 libertatis
319 2644 470 2722 tuendae,
495 2642 669 2724 ademistis,
693 2642 765 2706 ideo
790 2643 821 2704 in
843 2640 964 2706 liberos
989 2642 1121 2727 quoque
1143 2654 1268 2708 nostros

103 2729 357 2814 aconiugesque
379 2751 516 2810 regnum
538 2737 667 2792 vestrae
688 2727 813 2790 libidini
844 2728 955 2791 datum
979 2738 1039 2792 est.
1078 2729 1203 2793 saevite
1240 2730 1270 2792 in

138 2823 266 2896 tergum
290 2814 376 2878 etin
400 2814 546 2878 cervices
569 2824 709 2888 nostras;
748 2813 904 2898 pudicitia
927 2812 1042 2877 saltem
1065 2814 1098 2876 in
1122 2823 1193 2879 tuto
1222 2815 1271 2879 sit.

137 2898 215 2962 huic
238 2899 265 2961 si
286 2900 336 2962 vis
353 2896 528 2976 adteretur,
553 2921 613 2982 ego
628 2901 848 2986 praesentium
865 2898 1040 2979 Quiritium
1060 2922 1121 2985 pro
1143 2923 1274 2986 sponsa,

138 2984 315 3069 Verginius
339 2983 475 3049 militum
500 3007 558 3068 pro
582 2989 679 3049 unica
700 2984 776 3065 filia,
801 3007 914 3048 omnes
939 2986 1073 3049 deorum
1089 2985 1273 3050 hominum-

141 3093 203 3157 que
225 3070 472 3156 implorabimus
495 3070 604 3152 fidem,
628 3094 734 3157 neque
756 3081 792 3134 tu
814 3071 900 3134 istud
924 3094 1079 3157 umquam
1104 3072 1275 3138 decretum

88 3159 209 3221 10·sine
233 3158 333 3221 caede
356 3167 467 3220 nostra
489 3157 619 3222 referes.
643 3155 784 3243 postulo,
809 3159 905 3242 Appi,
930 3158 1027 3221 etiam
1051 3167 1150 3242 atque
1172 3160 1272 3223 etiam

87 3258 118 3304 11
141 3243 338 3321 consideres,
363 3265 426 3328 quo
450 3244 670 3328 progrediere.
705 3243 880 3325 Verginius
903 3244 1023 3308 viderit
1046 3243 1087 3306 de
1110 3242 1189 3326 filia,
1214 3246 1272 3310 ubi

138 3330 273 3409 venerit,
298 3329 377 3415 quid
400 3341 488 3413 agat3
512 3330 576 3393 hoc
597 3340 723 3393 tantum
746 3330 837 3407 sciat,
861 3329 931 3409 sibi,
956 3330 983 3393 si
1004 3328 1102 3392 huius
1119 3331 1273 3395 vindiciis

139 3415 281 3493 cesserit,
299 3415 524 3479 condicionem
540 3416 625 3479 filiae
642 3417 860 3501 quaerendam
879 3438 961 3479 esse.
978 3438 1030 3478 me
1047 3416 1274 3483 vindicantem

138 3522 293 3586 sponsam
316 3502 348 3564 in
371 3500 555 3565 libertatem
579 3503 648 3565 vita
670 3503 764 3566 citius
789 3502 918 3565 deseret
942 3524 1038 3586 quam
1060 3499 1174 3566 fides.“

103 3603 117 3649 1
240 3585 361 3649 XLVI.
386 3585 553 3651 011111111-
580 3588 753 3651 multitudo
786 3598 855 3652 erat
886 3602 1118 3673 certamenque
1149 3590 1276 3654 instare

136 3672 319 3736 videbatur.
343 3672 474 3736 lictores
499 3673 623 3736 lcilium
647 3675 939 3753 circumsteterant,
972 3696 1034 3737 nec
1056 3674 1143 3737 ultra
1166 3677 1275 3739 minas

102 3768 246 3822 atamen
269 3780 457 3843 processum
482 3769 539 3840 est,
572 3782 646 3822 cum
669 3759 798 3843 Appius
831 3781 896 3823 non
919 3760 1107 3841 Verginiam
1140 3761 1277 3825 defendi

130 3844 174 3906 ab
195 3842 301 3926 Icili0,
325 3845 385 3910 sed
409 3845 591 3933 inquietum
614 3844 778 3909 hominem
800 3854 833 3909 et
855 3846 1055 3909 tribunatum
1072 3847 1170 3910 etiam
1186 3869 1275 3912 nunc
