2738 4146
131 135 190 193 122
388 149 497 199 LIBER
513 148 584 200 XXI.
603 150 679 202 CAP.
698 152 740 201 19.
758 154 800 201 20.
819 149 855 220 [a.
873 151 906 202 U.
926 167 948 202 c.
966 149 1038 219 6361.

146 338 162 384 o
180 321 304 384 essent“
322 342 383 384 nec
401 342 461 403 ,ne
484 324 539 407 qui
552 331 667 407 postea
688 319 972 401 adsumerentur“;
996 332 1028 386 et
1049 345 1124 387 cum
1139 322 1311 389 adsumere

178 428 280 470 novos
310 404 424 470 liceret
453 409 568 489 socios,
602 410 673 493 quis
707 429 847 494 aequum
878 416 1026 472 censeret
1058 416 1114 471 aut
1145 407 1187 472 ob
1221 408 1310 474 nulla

179 513 373 577 quemquam
395 495 510 557 merita
537 495 569 556 in
592 495 762 558 amicitiam
784 495 885 580 recipi
908 502 963 556 aut
984 503 1133 580 receptos
1154 495 1188 558 in
1209 493 1308 560 fidem

177 598 241 641 non
273 576 427 640 defendi?
458 585 582 642 tantum
612 600 653 642 ne
684 578 995 661 Carthaginiensium
1028 581 1107 643 socii
1138 588 1194 643 aut
1224 578 1308 644 solli·

178 664 352 726 citarentur
373 663 416 726 ad
449 663 665 729 defectionem
688 673 744 728 aut
769 687 828 728 sua
851 673 965 750 sponte
989 664 1206 730 desciscentes
1228 668 1308 731 reci·

201 757 338 812 arentur.

142 771 198 898 op
279 832 394 915 Legati
415 833 551 898 Romani
574 833 614 897 ab
639 832 844 916 Carthagine,
876 835 959 898 sicut
988 836 1027 898 iis
1049 833 1175 899 Romae
1205 837 1304 922 impe·

175 928 282 983 ratum
298 928 375 997 erat,
397 921 430 982 in
445 919 643 1005 Hispaniam,
667 929 703 983 ut
718 919 843 983 adirent
858 922 1003 984 civitates
1019 928 1052 983 et
1072 921 1105 983 in
1120 921 1306 986 societatem

143 1023 157 1070 7
175 1003 370 1090 perlicerent
391 1013 447 1069 aut
461 1014 644 1069 averterent
659 1027 679 1068 a
693 1004 819 1086 Poenis,
842 1007 1047 1069 traiecerunt.
1072 1005 1113 1069 ad
1129 1005 1306 1088 Bargusios

175 1092 315 1176 primum
337 1100 509 1168 venerunt,
542 1088 700 1176 aquibus
724 1090 862 1173 benigne
886 1093 1023 1177 excepti,
1056 1093 1132 1176 quia
1152 1091 1306 1156 taedebat

175 1178 301 1261 imperii
321 1174 444 1255 Punici,
468 1173 586 1240 multos
608 1186 696 1239 trans
711 1175 873 1241 Hiberum
893 1175 1031 1263 populos
1054 1176 1096 1239 ad
1119 1177 1306 1263 cupidinem

138 1280 279 1327 8novae
310 1260 457 1325 fortunae
491 1270 673 1325 erexerunt.
710 1261 750 1324 ad
774 1260 947 1326 Volcianos
978 1261 1054 1325 inde
1078 1271 1129 1326 est
1161 1272 1303 1342 ventum,

176 1368 314 1431 quorum
329 1346 459 1410 celebre
472 1369 532 1433 per
550 1347 738 1432 Hispaniam
752 1368 945 1433 responsum
960 1356 1085 1412 ceteros
1100 1346 1241 1434 populos
1264 1346 1305 1411 ab

176 1433 329 1495 societate
352 1432 496 1496 Romana
522 1436 646 1496 avertit.
679 1435 724 1496 ita
748 1434 832 1497 enim
854 1435 1013 1496 maximus
1044 1441 1123 1497 natu
1145 1454 1189 1496 ex
1210 1435 1249 1497 iis
1271 1435 1303 1497 in

140 1537 156 1585 9
175 1515 310 1581 concilio
333 1517 639 1604 respondittt„quae
662 1517 861 1581 verecundia
883 1527 940 1599 est,
963 1517 1109 1600 Romani,
1140 1518 1305 1604 postulare

175 1624 244 1683 vos,
275 1605 322 1666 uti
352 1613 492 1667 vestram
522 1602 833 1682 Carthaginiensium
864 1605 1022 1667 amicitiae
1054 1625 1304 1690 praeponamus,

175 1710 259 1766 cum,
288 1690 343 1774 qui
375 1689 408 1752 id
439 1689 594 1768 fecerunt,
620 1688 812 1771 Saguntinos
845 1686 1018 1769 crudelius,
1051 1710 1147 1774 quam
1171 1688 1302 1754 Poenus

123 1795 156 1842 10
174 1771 274 1837 hostis
306 1774 455 1859 perdidit,
488 1797 546 1839 vos
577 1777 655 1839 socii
676 1773 905 1856 prodideritis?
935 1773 980 1838 ibi
1014 1775 1175 1859 quaeratis
1198 1777 1303 1839 socios

175 1881 302 1937 censeo,
334 1858 390 1923 ubi
413 1859 590 1941 Saguntina
620 1860 729 1924 clades
760 1862 871 1942 ignota
893 1869 954 1924 est:
989 1858 1144 1945 Hispanis
1175 1859 1303 1946 populis

175 1946 258 2008 sicut
279 1943 417 2027 lugubre
438 1948 484 2009 ita
504 1948 628 2025 insigne
656 1945 885 2010 documentum
907 1944 1041 2028 Sagunti
1062 1946 1176 2009 ruinae
1199 1954 1302 2025 erunt,

123 2052 153 2098 11
173 2050 214 2091 ne
241 2031 311 2115 quis
333 2029 410 2094 fidei
424 2029 589 2094 Romanae
604 2039 660 2095 aut
681 2031 825 2095 societati
842 2028 1013 2095 confidat.“
1037 2029 1115 2094 inde
1137 2028 1302 2116 extemplo

174 2114 264 2178 abire
294 2114 411 2180 finibus
444 2114 674 2181 Volcianorum
704 2119 783 2181 iussi
820 2115 861 2179 ab
894 2115 982 2181 nullo
1015 2115 1134 2180 deinde
1165 2114 1302 2180 concilio

173 2200 349 2287 Hispaniae
371 2200 561 2283 benigniora
582 2201 684 2265 verba
705 2202 819 2266 tulere.
846 2203 891 2266 ita
911 2203 1109 2287 nequiquam
1129 2210 1304 2287 peragrata

171 2285 329 2373 Hispania
349 2288 381 2350 in
407 2286 546 2352 Calliam
567 2296 740 2351 transeunt.

137 2390 149 2436 1
273 2370 349 2434 XX.
373 2371 411 2434 In
433 2372 483 2437 his
505 2394 590 2438 nova
620 2371 834 2458 terribilisque
866 2374 990 2458 species
1024 2372 1095 2436 visa
1117 2379 1176 2452 est,
1212 2371 1301 2457 quod

80 2436 112 2493 ³³·
171 2460 343 2521 armati-
380 2459 425 2523 ita
454 2480 524 2523 mos
558 2460 661 2541 gentis
693 2470 762 2521 erat
784 2493 826 2503 -
857 2459 889 2521 in
921 2455 1093 2522 concilium
1126 2466 1299 2521 venerunt

135 2563 245 2609 acum
267 2543 375 2608 verbis
408 2543 598 2609 extollentes
626 2541 761 2626 gloriam
782 2545 999 2629 virtutemque
1055 2564 1073 2607 o
1096 2541 1143 2607 uli
1164 2541 1302 2607 Romani

171 2650 209 2692 ac
230 2630 485 2712 magnitudinem
506 2631 633 2716 imperii
654 2632 817 2715 petissent,
840 2650 882 2692 ne
905 2628 1015 2693 Poeno
1029 2565 1163 2693 bellum
1185 2626 1302 2691 Italiae

136 2712 318 2782 sinferenti
350 2737 411 2802 per
432 2737 528 2796 agros
561 2714 725 2800 urbesque
748 2737 823 2779 suas
845 2717 1015 2779 transitum
1038 2713 1162 2790 darent,
1193 2722 1302 2777 tantus

171 2821 245 2862 eum
281 2799 411 2863 fremitu
441 2802 524 2865 risus
562 2799 678 2864 dicitur
715 2809 812 2879 ortus,
850 2809 887 2864 ut
921 2801 978 2863 vix
1008 2821 1028 2863 a
1059 2798 1302 2883 magistratibus
1336 2827 1339 2831 ·

132 2883 410 2970 maioribusque
443 2895 520 2950 natu
551 2888 700 2950 iuventus
732 2885 914 2950 sedaretur:
947 2884 1029 2949 adeo
1061 2884 1180 2949 stolida
1210 2887 1300 2971 inpu-

171 2969 315 3054 densque
345 2969 516 3056 postulatio
550 2973 620 3035 visa
643 2979 700 3053 est,
735 2992 878 3048 censere,
915 2992 956 3033 ne
989 2972 1021 3034 in
1043 2968 1172 3035 Italiam
1197 2978 1300 3034 trans-

169 3057 296 3119 mittant
319 3054 404 3119 Galli
427 3054 559 3132 bellum,
591 3060 678 3143 ipsos
701 3056 734 3120 id
757 3065 904 3120 avertere
926 3058 959 3120 in
982 3077 1017 3120 se
1040 3076 1202 3141 agrosque
1225 3077 1301 3120 suos

131 3153 147 3200 o
168 3163 228 3227 pro
252 3140 363 3205 alienis
392 3140 594 3228 populandos
618 3141 758 3206 obicere.
796 3142 907 3206 sedato
930 3140 1062 3205 tandem
1096 3140 1229 3205 fremitu
1249 3161 1298 3204 re·

169 3249 323 3313 sponsum
346 3226 459 3308 legatis
483 3237 540 3309 est,
571 3250 677 3313 neque
699 3227 917 3292 Romanorum
939 3229 972 3290 in
995 3247 1030 3291 se
1055 3227 1207 3291 meritum
1229 3246 1301 3291 esse

168 3333 275 3396 neque
298 3310 610 3393 Carthaginiensium
632 3315 788 3392 iniuriam,
817 3311 858 3378 ob
883 3335 965 3397 quae
989 3321 1044 3376 aut
1063 3334 1124 3398 pro
1145 3310 1300 3377 Romanis

133 3409 224 3466 caut
247 3398 402 3462 adversus
425 3399 552 3463 Poenos
576 3408 704 3463 sumant
733 3419 838 3475 arma;
871 3406 984 3462 contra
1014 3420 1054 3461 ea
1075 3397 1189 3462 audire
1218 3416 1300 3480 sese,

168 3487 271 3561 gentis
295 3507 372 3548 suae
397 3484 542 3548 homines
575 3507 652 3567 agro
684 3482 867 3570 finibusque
890 3482 1002 3547 ltaliae
1033 3481 1113 3570 pelli
1135 3504 1156 3546 a
1176 3480 1300 3569 populo

134 3572 148 3619 7
166 3568 312 3633 Romano
329 3570 587 3656 stipendiumque
603 3569 747 3657 pendere
764 3578 796 3633 et
810 3578 919 3633 cetera
936 3568 1069 3652 indigna
1082 3570 1159 3656 pati.
1185 3568 1301 3633 eadem

166 3653 268 3718 ferme
290 3657 322 3718 in
346 3657 460 3719 ceteris
485 3653 612 3719 Galliae
641 3653 782 3719 conciliis
810 3655 896 3719 dicta
930 3654 1117 3740 auditaque3
1150 3675 1212 3719 nec
1242 3652 1299 3718 ho·

167 3738 280 3825 spitale
304 3742 475 3825 quicquam
490 3749 683 3826 pacatumve
698 3744 773 3805 satis
790 3743 878 3826 prius
895 3739 1048 3822 auditum,
1072 3761 1171 3826 quam
1184 3738 1299 3805 Massi·

120 3823 234 3888 aliam
260 3847 389 3890 venere.
421 3825 468 3892 ibi
493 3828 600 3891 omnia
623 3825 663 3890 ab
687 3829 781 3890 sociis
803 3828 954 3910 inquisita
976 3848 1049 3889 cum
1073 3846 1152 3890 cura
1174 3822 1300 3890 aclide
