2738 4118
397 157 506 208 LIBER
522 158 609 208 xxn.
620 157 705 240 Ι(ΣΔΡ.
724 160 765 210 60.
785 158 819 227 [a.
839 160 871 210 U.
889 176 911 210 c.
930 159 1001 228 5381.
1227 152 1289 210 205

94 331 333 396 immiscuerat.
366 338 497 393 senatus
521 329 680 394 submotis
703 330 833 395 arbitris
855 330 982 396 consuli
1004 343 1148 419 coeptus.
1194 333 1273 403 ibis

98 439 176 482 cum
199 417 368 482 sententiis
389 416 581 497 variaretur,
605 425 639 480 et
661 415 715 479 alii
736 417 945 483 redimendos
969 418 1010 482 de
1029 419 1170 504 publico,
1187 419 1240 484 alii

98 503 227 568 nullam
264 501 396 588 publice
428 501 601 588 'inpensam
637 501 818 569 faciendam
854 525 915 568 nec
944 504 1166 589 prohibendos
1198 529 1277 577 exa

98 591 231 676 privato
262 588 390 672 redimi,
423 588 450 652 si
482 587 600 675 quibus
632 601 802 672 argentum
833 591 866 652 in
891 592 1077 676 praesentia
1100 593 1238 672 deesset,

101 676 245 739 dandam
268 698 311 738 ex
326 674 451 739 aerario
468 676 639 760 pecuniam
655 684 811 757 mutuam,
836 675 1077 763 praedibusque
1092 699 1131 743 ao
1145 701 1239 764 prae·

101 763 163 827 diis
187 762 370 828 cavendum
391 760 514 846 populo
536 773 714 836 censerent,
739 772 808 825 tum
823 762 861 826 Τ.
878 761 1018 827 Manlius
1040 763 1276 849 Torquatus,o

101 849 235 936 priscae
258 869 297 911 ac
317 848 413 911 nimis
437 847 548 928 durae,
579 857 617 911 ut
638 845 803 998 plerisque
829 849 1014 931 videbatur,
1047 852 1237 933 severitatis,

76 937 319 1017 ‚interrogatus
342 934 536 998 sententiam
567 934 613 998 ita
656 944 770 998 ocutus
793 934 909 999 fertur:
945 935 991 999 “si
1012 938 1275 1002 tantummodoss

97 1018 319 1107 postulassent
339 1018 440 1103 legati
461 1042 521 1104 pro
544 1019 594 1102 iis,
616 1020 672 1105 qui
694 1021 727 1083 in
749 1019 892 1084 hostium
914 1031 1077 1105 potestate
1100 1032 1186 1104 sunt,
1202 1033 1239 1087 ut

98 1107 351 1190 redimerentur,
375 1108 443 1170 sine
466 1105 563 1169 ullius
579 1106 790 1170 insectatione
807 1128 919 1171 eorum
935 1106 1029 1172 brevi
1045 1110 1238 1173 sententiam

97 1193 311 1279 peregissem.
322 1190 405 1278 quid
414 1192 500 1256 enim
509 1191 597 1255 aliud
608 1213 704 1277 quam
716 1193 912 1258 admonendi
924 1194 1047 1277 essetis,
1062 1205 1099 1258 ut
1113 1216 1238 1260 morem
1258 1204 1273 1253 '1

71 1279 258 1345 'traditum
279 1300 300 1342 a
320 1277 468 1364 patribus
498 1279 682 1342 necessario
716 1278 757 1341 ad
788 1301 858 1343 rem
889 1279 1063 1345 militarem
1087 1279 1238 1366 exemplo

96 1362 397 1431 servaretislnunc
406 1374 524 1447 autem,
535 1386 610 1428 cum
622 1385 726 1449 prope
736 1363 943 1448 gloriatisint,
952 1365 1238 1450 quodsehostibus
1302 1412 1304 1417 -

98 1451 287 1516 dediderint
307 1449 532 1535 praeferrique
554 1471 620 1513 non
642 1451 745 1534 captis
768 1452 866 1516 modo
883 1452 915 1515 in
933 1452 1060 1519 acieab
1078 1452 1237 1535 hostibus,

97 1537 160 1601 sed
183 1537 280 1601 etiam
303 1537 353 1619 iis,
369 1537 425 1621 qui
438 1534 618 1600 Venusiam
635 1534 877 1622 Canusiumque
892 1548 1123 1622 pervenerunt,
1139 1548 1239 1626 atque
1259 1548 1276 1598 θ

95 1624 161 1709 ipsi
176 1621 214 1688 C.
233 1621 385 1686 Terentio
409 1620 533 1709 consuli
555 1644 698 1708 aequum
714 1623 907 1706 censuerint,
929 1622 1009 1687 nihil
1030 1646 1090 1690 vos
1114 1646 1238 1709 eorum,

95 1720 210 1796 patres
233 1709 417 1794 conscripti,
440 1729 525 1795 quae
546 1707 614 1772 illic
636 1719 709 1773 acta
731 1718 815 1790 sunt,
837 1709 990 1794 ignorare
1005 1711 1121 1794 patiar.
1140 1721 1239 1797 atque

95 1797 223 1860 utinam
255 1794 347 1878 haec,
384 1814 469 1880 quae
498 1794 587 1880 apud
618 1816 677 1859 vos
708 1805 840 1859 acturus
870 1819 952 1879 sum,
987 1793 1119 1860 Canusii
1150 1797 1238 1882 apud

96 1882 208 1968 ipsum
232 1881 413 1946 exercitum
435 1902 577 1964 agerem,
601 1882 759 1966 optimum
780 1891 898 1947 testem
914 1883 1063 1966 ignaviae
1079 1883 1238 1970 cuiusque

98 1979 134 2032 et
156 1968 296 2050 virtutis,
320 1977 376 2030 aut
391 1988 474 2030 unus
488 1966 542 2030 hic
558 1966 672 2030 saltem
689 1966 819 2032 adesset
840 1967 877 2032 P.
894 1965 1116 2052 Sempronius,
1140 1992 1236 2054 quem

98 2055 127 2120 si
149 2054 204 2119 isti
227 2054 345 2117 ducem
368 2053 470 2117 secuti
493 2062 612 2136 essent,
634 2052 751 2118 milites
768 2054 867 2120 hodie
889 2055 921 2118 in
946 2056 1059 2120 castris
1073 2054 1237 2140 Romanis,

95 2162 163 2205 non
185 2139 306 2224 captivi
328 2139 360 2201 in
383 2138 525 2203 hostium
547 2149 710 2224 potestate
734 2151 851 2206 essent.
867 2142 925 2205 sed
942 2163 1025 2223 cum,
1041 2141 1135 2207 fessis
1157 2154 1273 2229 pug-tt

95 2226 206 2290 nando
230 2224 378 2290 hostibus
400 2234 470 2289 tum
492 2226 630 2289 victoria
644 2225 738 2290 laetis
755 2241 789 2290 et
802 2227 883 2312 ipsis
898 2226 1065 2314 plerisque
1080 2229 1237 2311 regressis

95 2315 131 2376 in
155 2321 262 2378 castra
293 2332 361 2392 sua,
393 2320 524 2375 noctem
546 2312 587 2374 ad
616 2313 854 2396 erumpendum
876 2312 1012 2377 liberam
1035 2313 1236 2398 habuissent,

96 2409 132 2463 et
161 2406 289 2482 septem
318 2396 408 2462 milia
438 2407 636 2462 armatorum
667 2398 834 2464 hominum
862 2420 1034 2484 erumpere
1057 2401 1154 2463 etiam
1176 2422 1237 2485 per

96 2484 261 2550 confertos
282 2483 393 2548 hostes
416 2495 561 2568 possent,
587 2506 694 2570 neque
717 2508 777 2569 per
799 2507 833 2550 se
855 2486 917 2569 ipsi
939 2486 973 2548 id
995 2486 1104 2549 facere
1128 2487 1236 2550 conati

95 2581 301 2656 sunt-neque
322 2568 421 2633 alium
443 2571 536 2656 sequi
557 2569 739 2635 voluerunt·
763 2581 859 2636 nocte
874 2592 978 2656 prope
998 2580 1069 2635 tota
1091 2571 1127 2634 P.
1144 2569 1234 2636 Sem·
1255 2585 1289 2634 lo

94 2657 229 2742 pronius
251 2655 433 2720 Tuditanus
455 2676 519 2719 non
542 2655 666 2721 destitit
686 2679 829 2741 monere,
865 2656 1033 2721 adhortari
1058 2679 1125 2742 eos,
1158 2657 1236 2723 dum

93 2744 244 2828 paucitas
268 2741 410 2806 hostium
433 2743 522 2805 circa
544 2752 660 2825 castra,
683 2743 760 2806 dum
785 2743 876 2830 quies
899 2765 937 2807 ac
959 2742 1123 2809 silentium
1138 2755 1234 2828 esset,

95 2829 175 2893 dum
196 2850 265 2892 nox
291 2826 457 2913 inceptum
489 2838 607 2911 tegere.
631 2840 753 2913 posset,
786 2851 822 2893 se
855 2830 972 2894 ducem
1004 2841 1233 2915 sequerentur:

95 2925 171 2979 ante
192 2913 301 2979 lucem
322 2914 495 2999 pervenire
516 2915 549 2977 in
571 2922 643 2977 tuta
664 2914 745 2996 loca,
768 2916 801 2979 in
824 2916 985 2981 sociorum
1010 2917 1109 2981 urbes
1125 2939 1232 3002 posse.
1254 2931 1285 2979 11

93 3002 122 3067 si
143 3011 181 3065 ut
202 3018 340 3066 avorum
361 3001 518 3064 memoria
534 3000 569 3063 P.
586 2999 708 3065 Decius
724 3000 873 3066 tribunus
888 3001 1027 3066 militum
1042 3005 1074 3065 in
1090 3001 1232 3083 Samnio,

93 3087 122 3151 si
150 3097 188 3151 ut
217 3086 313 3151 nobis
343 3085 606 3156 adulescentibus
639 3088 749 3175 priore
779 3087 902 3152 Punico
926 3087 1012 3152 bello
1037 3086 1233 3173 Calpurnius

92 3171 244 3238 Flamma
265 3173 420 3238 trecentis
443 3171 645 3257 voluntariis,
680 3196 754 3238 cum
779 3174 819 3236 ad
842 3172 1003 3238 tumulum
1027 3195 1082 3238 eos
1106 3175 1233 3258 capien-

93 3260 173 3324 dum
196 3260 293 3324 situm
315 3260 401 3323 inter
431 3258 557 3324 medios
589 3259 727 3324 duceret
756 3259 879 3343 hostes,
911 3261 994 3324 dixit
1026 3261 1232 3343 „moriamur,

91 3345 223 3427 milites,
247 3354 281 3410 et
302 3354 408 3411 morte
424 3355 537 3409 nostra
552 3346 727 3430 eripiamus
744 3367 788 3411 ex
804 3345 975 3412 obsidione
992 3348 1232 3411 circumventas
1251 3362 1285 3409 12

92 3430 273 3517 legiones“,
296 3433 323 3497 si
346 3430 410 3495 hoc
434 3431 470 3494 P.
494 3430 706 3517 Sempronius
731 3432 865 3515 diceret,
888 3454 949 3496 nec
972 3433 1061 3498 viros
1078 3433 1231 3518 equidem

88 3540 154 3584 nec
174 3517 339 3583 Romanos
361 3538 421 3582 vos
445 3518 610 3601 ducerem,
627 3519 764 3583 sinemo
780 3528 891 3582 tantae
908 3519 1034 3582 virtutis
1052 3519 1232 3583 exstitisset

90 3627 214 3689 comes.
229 3605 318 3669 viam
334 3626 399 3670 non
411 3603 453 3668 ad
468 3603 607 3687 gloriam
623 3605 726 3688 magis
743 3627 841 3691 quam
857 3603 899 3667 ad
916 3603 1054 3669 salutem
1069 3604 1230 3668 ferentem
1251 3620 1284 3670 1³

88 3691 308 3773 demonstrat3
341 3690 480 3755 reduces
511 3691 545 3754 in
578 3691 718 3775 patriam
749 3692 790 3754 ad
820 3700 981 3775 parentes,
1007 3690 1047 3753 ad
1073 3691 1228 3775 coniuges
1251 3709 1284 3758 14

89 3798 131 3842 ac
162 3775 284 3842 liberos
311 3775 398 3841 facit.
422 3786 458 3840 ut
480 3777 666 3856 servemini,
691 3777 783 3841 deest
805 3777 899 3840 vobis
923 3778 1065 3840 animus:
1090 3777 1180 3862 quid,
1205 3779 1232 3841 si

91 3863 297 3929 moriendum
327 3885 391 3948 pro
420 3863 530 3949 patria
562 3872 658 3947 esset,
685 3860 858 3928 faceretis?
887 3863 1128 3950 quinquaqinta
1142 3862 1239 3925 mitia
