<?xml version="1.0" encoding="UTF-8"?>
<!DOCTYPE html PUBLIC "-//W3C//DTD XHTML 1.0 Transitional//EN"
    "http://www.w3.org/TR/xhtml1/DTD/xhtml1-transitional.dtd">
<html xmlns="http://www.w3.org/1999/xhtml" xml:lang="en" lang="en">
 <head>
  <title>
</title>
<meta http-equiv="Content-Type" content="text/html;charset=utf-8" />
  <meta name='ocr-system' content='tesseract 3.04.00' />
  <meta name='ocr-capabilities' content='ocr_page ocr_carea ocr_par ocr_line ocrx_word'/>
</head>
<body>
  <div class='ocr_page' id='page_1' title='image "./aburbeconditali02livygoog_0103.png"; bbox 0 0 2738 4146; ppageno 0'>
   <div class='ocr_carea' id='block_1_1' title="bbox 87 116 957 195">
    <p class='ocr_par' dir='ltr' id='par_1_1' title="bbox 87 116 957 195">
     <span class='ocr_line' id='line_1_1' title="bbox 87 116 957 195; baseline 0.003 -22"><span class='ocrx_word' id='word_1_1' title='bbox 87 116 128 174; x_wconf 82' lang='lat'>90</span> <span class='ocrx_word' id='word_1_2' title='bbox 403 127 511 177; x_wconf 74' lang='lat' dir='ltr'>arnan</span> <span class='ocrx_word' id='word_1_3' title='bbox 527 128 562 177; x_wconf 88' lang='lat'>11.</span> <span class='ocrx_word' id='word_1_4' title='bbox 583 127 657 177; x_wconf 69' lang='lat' dir='ltr'>cir.</span> <span class='ocrx_word' id='word_1_5' title='bbox 676 129 718 177; x_wconf 75' lang='lat' dir='ltr'>rr.</span> <span class='ocrx_word' id='word_1_6' title='bbox 737 124 774 195; x_wconf 73' lang='lat' dir='ltr'>[a.</span> <span class='ocrx_word' id='word_1_7' title='bbox 793 125 826 178; x_wconf 89' lang='lat' dir='ltr'>u.</span> <span class='ocrx_word' id='word_1_8' title='bbox 845 142 867 176; x_wconf 68' lang='grc' dir='ltr'>ο.</span> <span class='ocrx_word' id='word_1_9' title='bbox 885 125 957 193; x_wconf 71' lang='lat' dir='ltr'>arn.</span> 
     </span>
    </p>
   </div>
   <div class='ocr_carea' id='block_1_2' title="bbox 91 294 1294 3905">
    <p class='ocr_par' dir='ltr' id='par_1_2' title="bbox 100 294 1275 555">
     <span class='ocr_line' id='line_1_2' title="bbox 100 294 1275 380; baseline -0.004 -13"><span class='ocrx_word' id='word_1_10' title='bbox 100 318 112 367; x_wconf 86' lang='lat'>1</span> <span class='ocrx_word' id='word_1_11' title='bbox 241 296 364 363; x_wconf 87' lang='lat' dir='ltr'><strong>XLIV.</strong></span> <span class='ocrx_word' id='word_1_12' title='bbox 387 298 431 362; x_wconf 84' lang='lat' dir='ltr'>Et</span> <span class='ocrx_word' id='word_1_13' title='bbox 452 297 504 362; x_wconf 90' lang='lat' dir='ltr'>bic</span> <span class='ocrx_word' id='word_1_14' title='bbox 527 320 628 361; x_wconf 89' lang='lat' dir='ltr'>annus</span> <span class='ocrx_word' id='word_1_15' title='bbox 651 296 817 361; x_wconf 87' lang='lat' dir='ltr'>tribunum</span> <span class='ocrx_word' id='word_1_16' title='bbox 839 306 1008 361; x_wconf 81' lang='lat' dir='ltr'><strong>auctorem</strong></span> <span class='ocrx_word' id='word_1_17' title='bbox 1022 294 1106 379; x_wconf 83' lang='lat' dir='ltr'>legis</span> <span class='ocrx_word' id='word_1_18' title='bbox 1122 299 1275 380; x_wconf 77' lang='lat' dir='ltr'>agrariae</span> 
     </span>
     <span class='ocr_line' id='line_1_3' title="bbox 141 380 1274 469; baseline 0 -21"><span class='ocrx_word' id='word_1_19' title='bbox 141 384 265 450; x_wconf 84' lang='lat' dir='ltr'>babuit.</span> <span class='ocrx_word' id='word_1_20' title='bbox 297 384 347 450; x_wconf 85' lang='lat' dir='ltr'>Ti.</span> <span class='ocrx_word' id='word_1_21' title='bbox 370 383 560 450; x_wconf 88' lang='lat' dir='ltr'>Pontificius</span> <span class='ocrx_word' id='word_1_22' title='bbox 583 383 652 447; x_wconf 85' lang='lat' dir='ltr'>fuit.</span> <span class='ocrx_word' id='word_1_23' title='bbox 683 383 711 447; x_wconf 89' lang='lat' dir='ltr'>is</span> <span class='ocrx_word' id='word_1_24' title='bbox 735 382 872 446; x_wconf 88' lang='lat' dir='ltr'>eandem</span> <span class='ocrx_word' id='word_1_25' title='bbox 895 383 993 466; x_wconf 88' lang='lat' dir='ltr'>viam,</span> <span class='ocrx_word' id='word_1_26' title='bbox 1026 380 1119 448; x_wconf 89' lang='lat' dir='ltr'>velut</span> <span class='ocrx_word' id='word_1_27' title='bbox 1141 405 1274 469; x_wconf 93' lang='lat' dir='ltr'>proces·</span> 
     </span>
     <span class='ocr_line' id='line_1_4' title="bbox 141 467 1273 555; baseline -0.002 -20"><span class='ocrx_word' id='word_1_28' title='bbox 141 476 236 538; x_wconf 74' lang='lat' dir='ltr'>sisset</span> <span class='ocrx_word' id='word_1_29' title='bbox 268 470 323 555; x_wconf 84' lang='lat' dir='ltr'>sp.</span> <span class='ocrx_word' id='word_1_30' title='bbox 356 470 494 554; x_wconf 91' lang='lat' dir='ltr'>Licini0,</span> <span class='ocrx_word' id='word_1_31' title='bbox 525 471 691 554; x_wconf 85' lang='lat' dir='ltr'>ingressus</span> <span class='ocrx_word' id='word_1_32' title='bbox 725 467 878 532; x_wconf 83' lang='lat' dir='ltr'>dilectum</span> <span class='ocrx_word' id='word_1_33' title='bbox 910 468 1079 554; x_wconf 81' lang='lat' dir='ltr'>paulisper</span> <span class='ocrx_word' id='word_1_34' title='bbox 1109 469 1273 554; x_wconf 88' lang='lat' dir='ltr'>impediit</span> 
     </span>
    </p>

    <p class='ocr_par' dir='ltr' id='par_1_3' title="bbox 100 553 1273 814">
     <span class='ocr_line' id='line_1_5' title="bbox 100 553 1273 642; baseline -0.003 -18"><span class='ocrx_word' id='word_1_35' title='bbox 100 576 116 624; x_wconf 77' lang='lat' dir='ltr'>a</span> <span class='ocrx_word' id='word_1_36' title='bbox 140 556 338 642; x_wconf 87' lang='lat' dir='ltr'>perturbatis</span> <span class='ocrx_word' id='word_1_37' title='bbox 360 557 478 621; x_wconf 84' lang='lat' dir='ltr'>iterum</span> <span class='ocrx_word' id='word_1_38' title='bbox 498 554 645 641; x_wconf 88' lang='lat' dir='ltr'>patribus</span> <span class='ocrx_word' id='word_1_39' title='bbox 667 554 731 640; x_wconf 90' lang='lat' dir='ltr'>Ap.</span> <span class='ocrx_word' id='word_1_40' title='bbox 750 553 904 618; x_wconf 84' lang='lat' dir='ltr'>Claudius</span> <span class='ocrx_word' id='word_1_41' title='bbox 921 555 1040 619; x_wconf 88' lang='lat' dir='ltr'>victam</span> <span class='ocrx_word' id='word_1_42' title='bbox 1061 554 1273 623; x_wconf 85' lang='lat' dir='ltr'>tribuniciam</span> 
     </span>
     <span class='ocr_line' id='line_1_6' title="bbox 140 641 1273 726; baseline 0.001 -19"><span class='ocrx_word' id='word_1_43' title='bbox 140 652 335 726; x_wconf 86' lang='lat' dir='ltr'>potestatem</span> <span class='ocrx_word' id='word_1_44' title='bbox 365 642 474 706; x_wconf 84' lang='lat' dir='ltr'>dicere</span> <span class='ocrx_word' id='word_1_45' title='bbox 501 642 611 726; x_wconf 87' lang='lat' dir='ltr'>priore</span> <span class='ocrx_word' id='word_1_46' title='bbox 638 661 738 724; x_wconf 90' lang='lat' dir='ltr'>anno,</span> <span class='ocrx_word' id='word_1_47' title='bbox 769 642 801 703; x_wconf 92' lang='lat' dir='ltr'>in</span> <span class='ocrx_word' id='word_1_48' title='bbox 828 641 1014 725; x_wconf 89' lang='lat' dir='ltr'>praesentia</span> <span class='ocrx_word' id='word_1_49' title='bbox 1040 662 1087 724; x_wconf 86' lang='lat' dir='ltr'>re,</span> <span class='ocrx_word' id='word_1_50' title='bbox 1116 643 1273 725; x_wconf 88' lang='lat' dir='ltr'>exemplo</span> 
     </span>
     <span class='ocr_line' id='line_1_7' title="bbox 140 726 1271 814; baseline 0.001 -22"><span class='ocrx_word' id='word_1_51' title='bbox 140 730 171 792; x_wconf 92' lang='lat' dir='ltr'>in</span> <span class='ocrx_word' id='word_1_52' title='bbox 195 737 399 812; x_wconf 86' lang='lat' dir='ltr'>perpetuum,</span> <span class='ocrx_word' id='word_1_53' title='bbox 424 728 554 814; x_wconf 90' lang='lat' dir='ltr'>quando</span> <span class='ocrx_word' id='word_1_54' title='bbox 577 728 744 792; x_wconf 85' lang='lat' dir='ltr'>inventum</span> <span class='ocrx_word' id='word_1_55' title='bbox 766 728 808 791; x_wconf 89' lang='lat' dir='ltr'>sit</span> <span class='ocrx_word' id='word_1_56' title='bbox 830 727 896 790; x_wconf 91' lang='lat' dir='ltr'>suis</span> <span class='ocrx_word' id='word_1_57' title='bbox 923 729 1029 812; x_wconf 89' lang='lat' dir='ltr'>ipsam</span> <span class='ocrx_word' id='word_1_58' title='bbox 1050 726 1178 793; x_wconf 87' lang='lat' dir='ltr'>viribus</span> <span class='ocrx_word' id='word_1_59' title='bbox 1207 728 1271 794; x_wconf 91' lang='lat' dir='ltr'>dis·</span> 
     </span>
    </p>

    <p class='ocr_par' dir='ltr' id='par_1_4' title="bbox 100 811 1273 1156">
     <span class='ocr_line' id='line_1_8' title="bbox 100 811 1273 900; baseline -0.002 -19"><span class='ocrx_word' id='word_1_60' title='bbox 100 834 115 882; x_wconf 80' lang='lat'><em>8</em></span> <span class='ocrx_word' id='word_1_61' title='bbox 140 813 232 879; x_wconf 87' lang='lat' dir='ltr'>solvi.</span> <span class='ocrx_word' id='word_1_62' title='bbox 265 836 372 900; x_wconf 88' lang='lat' dir='ltr'>neque</span> <span class='ocrx_word' id='word_1_63' title='bbox 400 815 485 878; x_wconf 89' lang='lat' dir='ltr'>enim</span> <span class='ocrx_word' id='word_1_64' title='bbox 512 836 666 899; x_wconf 89' lang='lat' dir='ltr'>umquam</span> <span class='ocrx_word' id='word_1_65' title='bbox 693 811 889 894; x_wconf 81' lang='lat' dir='ltr'>defuturum,</span> <span class='ocrx_word' id='word_1_66' title='bbox 921 813 976 899; x_wconf 93' lang='lat' dir='ltr'>qui</span> <span class='ocrx_word' id='word_1_67' title='bbox 1003 825 1037 878; x_wconf 85' lang='lat' dir='ltr'>et</span> <span class='ocrx_word' id='word_1_68' title='bbox 1063 834 1108 877; x_wconf 82' lang='lat' dir='ltr'>ex</span> <span class='ocrx_word' id='word_1_69' title='bbox 1133 813 1273 898; x_wconf 76' lang='lat' dir='ltr'>conlega</span> 
     </span>
     <span class='ocr_line' id='line_1_9' title="bbox 139 897 1272 985; baseline 0.001 -20"><span class='ocrx_word' id='word_1_70' title='bbox 139 901 308 965; x_wconf 88' lang='lat' dir='ltr'>victoriam</span> <span class='ocrx_word' id='word_1_71' title='bbox 331 899 393 963; x_wconf 87' lang='lat' dir='ltr'>sibi</span> <span class='ocrx_word' id='word_1_72' title='bbox 416 909 449 964; x_wconf 90' lang='lat' dir='ltr'>et</span> <span class='ocrx_word' id='word_1_73' title='bbox 470 900 608 983; x_wconf 85' lang='lat' dir='ltr'>gratiam</span> <span class='ocrx_word' id='word_1_74' title='bbox 630 897 772 963; x_wconf 84' lang='lat' dir='ltr'>melioris</span> <span class='ocrx_word' id='word_1_75' title='bbox 796 899 897 983; x_wconf 87' lang='lat' dir='ltr'>partis</span> <span class='ocrx_word' id='word_1_76' title='bbox 919 898 1005 963; x_wconf 92' lang='lat' dir='ltr'>bono</span> <span class='ocrx_word' id='word_1_77' title='bbox 1033 897 1168 985; x_wconf 90' lang='lat' dir='ltr'>publico</span> <span class='ocrx_word' id='word_1_78' title='bbox 1191 902 1272 968; x_wconf 87' lang='lat' dir='ltr'>velit</span> 
     </span>
     <span class='ocr_line' id='line_1_10' title="bbox 141 983 1270 1134; baseline 0.002 -84"><span class='ocrx_word' id='word_1_79' title='bbox 141 988 336 1072; x_wconf 83' lang='lat' dir='ltr'>quaesitam3</span> <span class='ocrx_word' id='word_1_80' title='bbox 359 996 392 1051; x_wconf 88' lang='lat' dir='ltr'>et</span> <span class='ocrx_word' id='word_1_81' title='bbox 414 984 533 1071; x_wconf 89' lang='lat' dir='ltr'>plures,</span> <span class='ocrx_word' id='word_1_82' title='bbox 557 987 584 1049; x_wconf 91' lang='lat' dir='ltr'>si</span> <span class='ocrx_word' id='word_1_83' title='bbox 599 983 752 1134; x_wconf 85' lang='lat' dir='ltr'>pluribus</span> <span class='ocrx_word' id='word_1_84' title='bbox 776 1007 857 1069; x_wconf 85' lang='lat' dir='ltr'>opus</span> <span class='ocrx_word' id='word_1_85' title='bbox 874 985 925 1069; x_wconf 91' lang='lat' dir='ltr'>sit,</span> <span class='ocrx_word' id='word_1_86' title='bbox 948 984 1095 1049; x_wconf 88' lang='lat' dir='ltr'>tribunos</span> <span class='ocrx_word' id='word_1_87' title='bbox 1119 986 1162 1049; x_wconf 88' lang='lat' dir='ltr'>ad</span> <span class='ocrx_word' id='word_1_88' title='bbox 1179 990 1270 1052; x_wconf 87' lang='lat' dir='ltr'>auxi·</span> 
     </span>
     <span class='ocr_line' id='line_1_11' title="bbox 139 1069 1271 1156; baseline -0.001 -20"><span class='ocrx_word' id='word_1_89' title='bbox 139 1072 218 1136; x_wconf 89' lang='lat' dir='ltr'>lium</span> <span class='ocrx_word' id='word_1_90' title='bbox 247 1069 414 1136; x_wconf 91' lang='lat' dir='ltr'>consulum</span> <span class='ocrx_word' id='word_1_91' title='bbox 441 1081 572 1156; x_wconf 86' lang='lat' dir='ltr'>paratos</span> <span class='ocrx_word' id='word_1_92' title='bbox 613 1092 679 1155; x_wconf 91' lang='lat' dir='ltr'>ore,</span> <span class='ocrx_word' id='word_1_93' title='bbox 710 1081 743 1135; x_wconf 88' lang='lat' dir='ltr'>et</span> <span class='ocrx_word' id='word_1_94' title='bbox 765 1093 864 1135; x_wconf 90' lang='lat' dir='ltr'>unum</span> <span class='ocrx_word' id='word_1_95' title='bbox 890 1070 944 1136; x_wconf 92' lang='lat' dir='ltr'>vel</span> <span class='ocrx_word' id='word_1_96' title='bbox 970 1072 1129 1135; x_wconf 88' lang='lat' dir='ltr'>adversus</span> <span class='ocrx_word' id='word_1_97' title='bbox 1158 1095 1271 1139; x_wconf 86' lang='lat' dir='ltr'>omnes</span> 
     </span>
    </p>

    <p class='ocr_par' dir='ltr' id='par_1_5' title="bbox 98 1155 1271 1329">
     <span class='ocr_line' id='line_1_12' title="bbox 98 1155 1270 1244; baseline -0.002 -17"><span class='ocrx_word' id='word_1_98' title='bbox 98 1178 116 1227; x_wconf 81' lang='grc'>4</span> <span class='ocrx_word' id='word_1_99' title='bbox 142 1159 219 1223; x_wconf 87' lang='lat' dir='ltr'>satis</span> <span class='ocrx_word' id='word_1_100' title='bbox 248 1180 329 1222; x_wconf 87' lang='lat' dir='ltr'>esse.</span> <span class='ocrx_word' id='word_1_101' title='bbox 363 1157 478 1221; x_wconf 89' lang='lat' dir='ltr'>darent</span> <span class='ocrx_word' id='word_1_102' title='bbox 508 1157 606 1222; x_wconf 90' lang='lat' dir='ltr'>modo</span> <span class='ocrx_word' id='word_1_103' title='bbox 639 1166 672 1221; x_wconf 87' lang='lat' dir='ltr'>et</span> <span class='ocrx_word' id='word_1_104' title='bbox 701 1155 850 1221; x_wconf 88' lang='lat' dir='ltr'>consules</span> <span class='ocrx_word' id='word_1_105' title='bbox 883 1166 916 1221; x_wconf 83' lang='lat' dir='ltr'>et</span> <span class='ocrx_word' id='word_1_106' title='bbox 944 1158 1106 1242; x_wconf 88' lang='lat' dir='ltr'>primores</span> <span class='ocrx_word' id='word_1_107' title='bbox 1136 1169 1270 1244; x_wconf 84' lang='lat' dir='ltr'>patrum</span> 
     </span>
     <span class='ocr_line' id='line_1_13' title="bbox 141 1241 1271 1329; baseline 0.002 -21"><span class='ocrx_word' id='word_1_108' title='bbox 141 1267 283 1329; x_wconf 86' lang='lat' dir='ltr'>operam,</span> <span class='ocrx_word' id='word_1_109' title='bbox 306 1252 350 1326; x_wconf 91' lang='lat' dir='ltr'>ut,</span> <span class='ocrx_word' id='word_1_110' title='bbox 374 1244 527 1307; x_wconf 89' lang='lat' dir='ltr'>siminus</span> <span class='ocrx_word' id='word_1_111' title='bbox 551 1265 673 1326; x_wconf 84' lang='lat' dir='ltr'>omnes,</span> <span class='ocrx_word' id='word_1_112' title='bbox 701 1241 826 1329; x_wconf 90' lang='lat' dir='ltr'>aliquos</span> <span class='ocrx_word' id='word_1_113' title='bbox 849 1250 959 1308; x_wconf 90' lang='lat' dir='ltr'>tamen</span> <span class='ocrx_word' id='word_1_114' title='bbox 986 1265 1029 1308; x_wconf 87' lang='lat' dir='ltr'>ex</span> <span class='ocrx_word' id='word_1_115' title='bbox 1055 1243 1197 1311; x_wconf 87' lang='lat' dir='ltr'>tribunis</span> <span class='ocrx_word' id='word_1_116' title='bbox 1223 1248 1271 1310; x_wconf 88' lang='lat' dir='ltr'>rei</span> 
     </span>
    </p>

    <p class='ocr_par' dir='ltr' id='par_1_6' title="bbox 99 1327 1271 1756">
     <span class='ocr_line' id='line_1_14' title="bbox 99 1327 1271 1415; baseline 0.004 -22"><span class='ocrx_word' id='word_1_117' title='bbox 99 1350 115 1399; x_wconf 81' lang='lat'><strong>5</strong></span> <span class='ocrx_word' id='word_1_118' title='bbox 141 1328 292 1414; x_wconf 88' lang='lat' dir='ltr'>publicae</span> <span class='ocrx_word' id='word_1_119' title='bbox 323 1341 357 1394; x_wconf 86' lang='lat' dir='ltr'>et</span> <span class='ocrx_word' id='word_1_120' title='bbox 387 1330 513 1394; x_wconf 88' lang='lat' dir='ltr'>senatui</span> <span class='ocrx_word' id='word_1_121' title='bbox 543 1327 761 1393; x_wconf 76' lang='lat' dir='ltr'>conciliarent.</span> <span class='ocrx_word' id='word_1_122' title='bbox 796 1330 982 1415; x_wconf 81' lang='lat' dir='ltr'>praeceptis</span> <span class='ocrx_word' id='word_1_123' title='bbox 1018 1328 1120 1414; x_wconf 84' lang='lat' dir='ltr'>Appii</span> <span class='ocrx_word' id='word_1_124' title='bbox 1156 1333 1271 1397; x_wconf 88' lang='lat' dir='ltr'>moniti</span> 
     </span>
     <span class='ocr_line' id='line_1_15' title="bbox 138 1413 1268 1502; baseline 0.004 -24"><span class='ocrx_word' id='word_1_125' title='bbox 138 1427 248 1502; x_wconf 86' lang='lat' dir='ltr'>patres</span> <span class='ocrx_word' id='word_1_126' title='bbox 279 1426 311 1479; x_wconf 89' lang='lat' dir='ltr'>et</span> <span class='ocrx_word' id='word_1_127' title='bbox 340 1416 483 1480; x_wconf 89' lang='lat' dir='ltr'>universi</span> <span class='ocrx_word' id='word_1_128' title='bbox 515 1415 650 1480; x_wconf 89' lang='lat' dir='ltr'>comiter</span> <span class='ocrx_word' id='word_1_129' title='bbox 680 1436 719 1478; x_wconf 90' lang='lat' dir='ltr'>ac</span> <span class='ocrx_word' id='word_1_130' title='bbox 747 1413 887 1497; x_wconf 85' lang='lat' dir='ltr'>benigne</span> <span class='ocrx_word' id='word_1_131' title='bbox 917 1414 1065 1480; x_wconf 86' lang='lat' dir='ltr'>tribunos</span> <span class='ocrx_word' id='word_1_132' title='bbox 1088 1416 1268 1502; x_wconf 86' lang='lat' dir='ltr'>appellare,</span> 
     </span>
     <span class='ocr_line' id='line_1_16' title="bbox 140 1500 1270 1588; baseline 0.004 -23"><span class='ocrx_word' id='word_1_133' title='bbox 140 1514 172 1566; x_wconf 86' lang='lat' dir='ltr'>et</span> <span class='ocrx_word' id='word_1_134' title='bbox 209 1500 404 1584; x_wconf 89' lang='lat' dir='ltr'>consulares,</span> <span class='ocrx_word' id='word_1_135' title='bbox 440 1511 477 1566; x_wconf 93' lang='lat' dir='ltr'>ut</span> <span class='ocrx_word' id='word_1_136' title='bbox 522 1503 638 1587; x_wconf 91' lang='lat' dir='ltr'>cuique</span> <span class='ocrx_word' id='word_1_137' title='bbox 675 1521 787 1565; x_wconf 90' lang='lat' dir='ltr'>eorum</span> <span class='ocrx_word' id='word_1_138' title='bbox 831 1501 983 1584; x_wconf 90' lang='lat' dir='ltr'>privatim</span> <span class='ocrx_word' id='word_1_139' title='bbox 1027 1500 1150 1588; x_wconf 89' lang='lat' dir='ltr'>aliquid</span> <span class='ocrx_word' id='word_1_140' title='bbox 1191 1504 1270 1569; x_wconf 91' lang='lat' dir='ltr'>iuris</span> 
     </span>
     <span class='ocr_line' id='line_1_17' title="bbox 138 1584 1270 1671; baseline 0.004 -20"><span class='ocrx_word' id='word_1_141' title='bbox 138 1589 296 1652; x_wconf 89' lang='lat' dir='ltr'>adversus</span> <span class='ocrx_word' id='word_1_142' title='bbox 329 1584 471 1670; x_wconf 82' lang='lat' dir='ltr'>singulos</span> <span class='ocrx_word' id='word_1_143' title='bbox 503 1597 582 1670; x_wconf 86' lang='lat' dir='ltr'>erat,</span> <span class='ocrx_word' id='word_1_144' title='bbox 622 1587 739 1671; x_wconf 88' lang='lat' dir='ltr'>partim</span> <span class='ocrx_word' id='word_1_145' title='bbox 779 1587 883 1665; x_wconf 77' lang='lat' dir='ltr'>gratia</span> <span class='ocrx_word' id='word_1_146' title='bbox 924 1588 1043 1671; x_wconf 91' lang='lat' dir='ltr'>partim</span> <span class='ocrx_word' id='word_1_147' title='bbox 1075 1591 1270 1654; x_wconf 88' lang='lat' dir='ltr'>auctoritate</span> 
     </span>
     <span class='ocr_line' id='line_1_18' title="bbox 139 1671 1271 1756; baseline 0.004 -19"><span class='ocrx_word' id='word_1_148' title='bbox 139 1673 317 1756; x_wconf 83' lang='lat' dir='ltr'>obtinuere,</span> <span class='ocrx_word' id='word_1_149' title='bbox 350 1684 387 1738; x_wconf 90' lang='lat' dir='ltr'>ut</span> <span class='ocrx_word' id='word_1_150' title='bbox 417 1673 609 1737; x_wconf 84' lang='lat' dir='ltr'>tribuniciae</span> <span class='ocrx_word' id='word_1_151' title='bbox 639 1674 809 1756; x_wconf 86' lang='lat' dir='ltr'>potestatis</span> <span class='ocrx_word' id='word_1_152' title='bbox 840 1673 927 1735; x_wconf 90' lang='lat' dir='ltr'>vires</span> <span class='ocrx_word' id='word_1_153' title='bbox 963 1671 1110 1737; x_wconf 86' lang='lat' dir='ltr'>salubres</span> <span class='ocrx_word' id='word_1_154' title='bbox 1148 1675 1271 1741; x_wconf 87' lang='lat' dir='ltr'>vellent</span> 
     </span>
    </p>

    <p class='ocr_par' dir='ltr' id='par_1_7' title="bbox 98 1757 1294 1996">
     <span class='ocr_line' id='line_1_19' title="bbox 98 1757 1271 1844; baseline 0.005 -22"><span class='ocrx_word' id='word_1_155' title='bbox 98 1762 186 1830; x_wconf 76' lang='lat' dir='ltr'>crei</span> <span class='ocrx_word' id='word_1_156' title='bbox 222 1758 372 1844; x_wconf 88' lang='lat' dir='ltr'>publicae</span> <span class='ocrx_word' id='word_1_157' title='bbox 405 1780 493 1843; x_wconf 76' lang='lat' dir='ltr'>esse3</span> <span class='ocrx_word' id='word_1_158' title='bbox 529 1780 714 1844; x_wconf 91' lang='lat' dir='ltr'>novemque</span> <span class='ocrx_word' id='word_1_159' title='bbox 744 1757 948 1823; x_wconf 87' lang='lat' dir='ltr'>tribunorum</span> <span class='ocrx_word' id='word_1_160' title='bbox 980 1758 1138 1824; x_wconf 87' lang='lat' dir='ltr'>adversus</span> <span class='ocrx_word' id='word_1_161' title='bbox 1169 1784 1271 1828; x_wconf 89' lang='lat' dir='ltr'>unum</span> 
     </span>
     <span class='ocr_line' id='line_1_20' title="bbox 138 1843 1271 1930; baseline 0.003 -20"><span class='ocrx_word' id='word_1_162' title='bbox 138 1855 335 1910; x_wconf 88' lang='lat' dir='ltr'>moratorem</span> <span class='ocrx_word' id='word_1_163' title='bbox 381 1845 504 1930; x_wconf 92' lang='lat' dir='ltr'>publici</span> <span class='ocrx_word' id='word_1_164' title='bbox 549 1845 712 1909; x_wconf 88' lang='lat' dir='ltr'>commodi</span> <span class='ocrx_word' id='word_1_165' title='bbox 755 1843 877 1909; x_wconf 87' lang='lat' dir='ltr'>auxilio</span> <span class='ocrx_word' id='word_1_166' title='bbox 922 1844 1076 1909; x_wconf 88' lang='lat' dir='ltr'>dilectum</span> <span class='ocrx_word' id='word_1_167' title='bbox 1121 1848 1271 1914; x_wconf 84' lang='lat' dir='ltr'>consules</span> 
     </span>
     <span class='ocr_line' id='line_1_21' title="bbox 140 1931 1294 1996; baseline 0.002 -2"><span class='ocrx_word' id='word_1_168' title='bbox 140 1931 268 1996; x_wconf 89' lang='lat' dir='ltr'>habent.</span> <span class='ocrx_word' id='word_1_169' title='bbox 1290 1980 1294 1985; x_wconf 87' lang='lat'><em>-</em></span> 
     </span>
    </p>

    <p class='ocr_par' dir='ltr' id='par_1_8' title="bbox 100 2013 1272 2360">
     <span class='ocr_line' id='line_1_22' title="bbox 100 2013 1272 2104; baseline 0.005 -25"><span class='ocrx_word' id='word_1_170' title='bbox 100 2041 114 2088; x_wconf 76' lang='lat' dir='ltr'>t</span> <span class='ocrx_word' id='word_1_171' title='bbox 245 2016 326 2080; x_wconf 91' lang='lat' dir='ltr'>Inde</span> <span class='ocrx_word' id='word_1_172' title='bbox 365 2015 404 2079; x_wconf 88' lang='lat' dir='ltr'>ad</span> <span class='ocrx_word' id='word_1_173' title='bbox 444 2014 565 2080; x_wconf 89' lang='lat' dir='ltr'>Veiens</span> <span class='ocrx_word' id='word_1_174' title='bbox 600 2013 723 2080; x_wconf 90' lang='lat' dir='ltr'>bellum</span> <span class='ocrx_word' id='word_1_175' title='bbox 760 2015 909 2101; x_wconf 85' lang='lat' dir='ltr'>profecti,</span> <span class='ocrx_word' id='word_1_176' title='bbox 946 2037 1011 2101; x_wconf 92' lang='lat' dir='ltr'>quo</span> <span class='ocrx_word' id='word_1_177' title='bbox 1047 2015 1194 2104; x_wconf 88' lang='lat' dir='ltr'>undique</span> <span class='ocrx_word' id='word_1_178' title='bbox 1229 2042 1272 2085; x_wconf 88' lang='lat' dir='ltr'>ex</span> 
     </span>
     <span class='ocr_line' id='line_1_23' title="bbox 142 2100 1271 2186; baseline 0.004 -21"><span class='ocrx_word' id='word_1_179' title='bbox 142 2101 275 2165; x_wconf 82' lang='lat' dir='ltr'>Etruria</span> <span class='ocrx_word' id='word_1_180' title='bbox 297 2101 418 2164; x_wconf 87' lang='lat' dir='ltr'>auxilia</span> <span class='ocrx_word' id='word_1_181' title='bbox 440 2109 670 2183; x_wconf 86' lang='lat' dir='ltr'>convenerant,</span> <span class='ocrx_word' id='word_1_182' title='bbox 692 2124 757 2166; x_wconf 91' lang='lat' dir='ltr'>non</span> <span class='ocrx_word' id='word_1_183' title='bbox 780 2111 846 2165; x_wconf 84' lang='lat' dir='ltr'>tam</span> <span class='ocrx_word' id='word_1_184' title='bbox 861 2100 1047 2166; x_wconf 87' lang='lat' dir='ltr'>Veientium</span> <span class='ocrx_word' id='word_1_185' title='bbox 1069 2105 1174 2186; x_wconf 84' lang='lat' dir='ltr'>gratia</span> <span class='ocrx_word' id='word_1_186' title='bbox 1196 2127 1271 2170; x_wconf 86' lang='lat' dir='ltr'>con·</span> 
     </span>
     <span class='ocr_line' id='line_1_24' title="bbox 143 2186 1271 2274; baseline 0.005 -25"><span class='ocrx_word' id='word_1_187' title='bbox 143 2188 251 2267; x_wconf 83' lang='lat' dir='ltr'>citata,</span> <span class='ocrx_word' id='word_1_188' title='bbox 275 2209 372 2274; x_wconf 87' lang='lat' dir='ltr'>quam</span> <span class='ocrx_word' id='word_1_189' title='bbox 395 2187 481 2272; x_wconf 92' lang='lat' dir='ltr'>quod</span> <span class='ocrx_word' id='word_1_190' title='bbox 506 2189 540 2250; x_wconf 91' lang='lat' dir='ltr'>in</span> <span class='ocrx_word' id='word_1_191' title='bbox 563 2210 655 2273; x_wconf 89' lang='lat' dir='ltr'>spem</span> <span class='ocrx_word' id='word_1_192' title='bbox 677 2198 810 2251; x_wconf 88' lang='lat' dir='ltr'>ventum</span> <span class='ocrx_word' id='word_1_193' title='bbox 840 2200 910 2250; x_wconf 87' lang='lat' dir='ltr'>erat</span> <span class='ocrx_word' id='word_1_194' title='bbox 933 2186 1097 2251; x_wconf 87' lang='lat' dir='ltr'>discordia</span> <span class='ocrx_word' id='word_1_195' title='bbox 1118 2190 1271 2255; x_wconf 84' lang='lat' dir='ltr'>intestina</span> 
     </span>
     <span class='ocr_line' id='line_1_25' title="bbox 143 2272 1272 2360; baseline 0.007 -25"><span class='ocrx_word' id='word_1_196' title='bbox 143 2272 276 2337; x_wconf 87' lang='lat' dir='ltr'>dissolvi</span> <span class='ocrx_word' id='word_1_197' title='bbox 312 2296 383 2337; x_wconf 87' lang='lat' dir='ltr'>rem</span> <span class='ocrx_word' id='word_1_198' title='bbox 419 2273 598 2338; x_wconf 88' lang='lat' dir='ltr'>Romanam</span> <span class='ocrx_word' id='word_1_199' title='bbox 660 2295 742 2337; x_wconf 87' lang='lat' dir='ltr'>osse.</span> <span class='ocrx_word' id='word_1_200' title='bbox 786 2273 1016 2360; x_wconf 88' lang='lat' dir='ltr'>principesque</span> <span class='ocrx_word' id='word_1_201' title='bbox 1056 2275 1090 2338; x_wconf 91' lang='lat' dir='ltr'>in</span> <span class='ocrx_word' id='word_1_202' title='bbox 1127 2278 1272 2343; x_wconf 90' lang='lat' dir='ltr'>omnium</span> 
     </span>
    </p>

    <p class='ocr_par' dir='ltr' id='par_1_9' title="bbox 98 2296 1273 2620">
     <span class='ocr_line' id='line_1_26' title="bbox 98 2296 1271 2446; baseline 0.006 -25"><span class='ocrx_word' id='word_1_203' title='bbox 98 2372 114 2421; x_wconf 85' lang='lat'><em>8</em></span> <span class='ocrx_word' id='word_1_204' title='bbox 141 2359 296 2423; x_wconf 79' lang='lat' dir='ltr'>Etruriae</span> <span class='ocrx_word' id='word_1_205' title='bbox 319 2358 516 2445; x_wconf 90' lang='lat' dir='ltr'>populorum</span> <span class='ocrx_word' id='word_1_206' title='bbox 539 2296 683 2424; x_wconf 84' lang='lat' dir='ltr'>conciliis</span> <span class='ocrx_word' id='word_1_207' title='bbox 705 2358 890 2422; x_wconf 85' lang='lat' dir='ltr'>fremebant</span> <span class='ocrx_word' id='word_1_208' title='bbox 921 2370 1071 2425; x_wconf 85' lang='lat' dir='ltr'>aeternas</span> <span class='ocrx_word' id='word_1_209' title='bbox 1095 2381 1176 2446; x_wconf 90' lang='lat' dir='ltr'>opes</span> <span class='ocrx_word' id='word_1_210' title='bbox 1200 2386 1271 2428; x_wconf 89' lang='lat' dir='ltr'>esse</span> 
     </span>
     <span class='ocr_line' id='line_1_27' title="bbox 142 2444 1271 2529; baseline 0.004 -20"><span class='ocrx_word' id='word_1_211' title='bbox 142 2446 315 2526; x_wconf 86' lang='lat' dir='ltr'>Romanas,</span> <span class='ocrx_word' id='word_1_212' title='bbox 352 2447 415 2510; x_wconf 88' lang='lat' dir='ltr'>nisi</span> <span class='ocrx_word' id='word_1_213' title='bbox 446 2448 530 2510; x_wconf 87' lang='lat' dir='ltr'>inter</span> <span class='ocrx_word' id='word_1_214' title='bbox 563 2456 666 2510; x_wconf 88' lang='lat' dir='ltr'>semet</span> <span class='ocrx_word' id='word_1_215' title='bbox 702 2446 765 2529; x_wconf 92' lang='lat' dir='ltr'>ipsi</span> <span class='ocrx_word' id='word_1_216' title='bbox 796 2444 1009 2510; x_wconf 87' lang='lat' dir='ltr'>seditionibus</span> <span class='ocrx_word' id='word_1_217' title='bbox 1043 2447 1200 2511; x_wconf 84' lang='lat' dir='ltr'>saeviant</span> <span class='ocrx_word' id='word_1_218' title='bbox 1238 2448 1271 2513; x_wconf 91' lang='lat' dir='ltr'>id</span> 
     </span>
     <span class='ocr_line' id='line_1_28' title="bbox 142 2529 1273 2620; baseline 0.003 -24"><span class='ocrx_word' id='word_1_219' title='bbox 142 2555 242 2596; x_wconf 93' lang='lat' dir='ltr'>unum</span> <span class='ocrx_word' id='word_1_220' title='bbox 264 2554 435 2613; x_wconf 90' lang='lat' dir='ltr'>venenum,</span> <span class='ocrx_word' id='word_1_221' title='bbox 468 2554 539 2596; x_wconf 86' lang='lat' dir='ltr'>eam</span> <span class='ocrx_word' id='word_1_222' title='bbox 561 2530 669 2596; x_wconf 84' lang='lat' dir='ltr'>labem</span> <span class='ocrx_word' id='word_1_223' title='bbox 692 2529 877 2595; x_wconf 85' lang='lat' dir='ltr'>civitatibus</span> <span class='ocrx_word' id='word_1_224' title='bbox 911 2530 1072 2617; x_wconf 89' lang='lat' dir='ltr'>opulentis</span> <span class='ocrx_word' id='word_1_225' title='bbox 1095 2543 1273 2620; x_wconf 86' lang='lat' dir='ltr'>repertam,</span> 
     </span>
    </p>

    <p class='ocr_par' dir='ltr' id='par_1_10' title="bbox 101 2616 1272 2878">
     <span class='ocr_line' id='line_1_29' title="bbox 101 2616 1272 2702; baseline 0.003 -21"><span class='ocrx_word' id='word_1_226' title='bbox 101 2633 117 2681; x_wconf 80' lang='lat'>9</span> <span class='ocrx_word' id='word_1_227' title='bbox 142 2629 179 2681; x_wconf 86' lang='lat' dir='ltr'>ut</span> <span class='ocrx_word' id='word_1_228' title='bbox 201 2641 319 2702; x_wconf 84' lang='lat' dir='ltr'>magna</span> <span class='ocrx_word' id='word_1_229' title='bbox 341 2618 477 2702; x_wconf 89' lang='lat' dir='ltr'>imperia</span> <span class='ocrx_word' id='word_1_230' title='bbox 491 2617 642 2682; x_wconf 83' lang='lat' dir='ltr'>mortalia</span> <span class='ocrx_word' id='word_1_231' title='bbox 656 2627 773 2683; x_wconf 85' lang='lat' dir='ltr'>essent.</span> <span class='ocrx_word' id='word_1_232' title='bbox 791 2616 847 2680; x_wconf 94' lang='lat' dir='ltr'>diu</span> <span class='ocrx_word' id='word_1_233' title='bbox 863 2626 1078 2682; x_wconf 90' lang='lat' dir='ltr'>sustentatum</span> <span class='ocrx_word' id='word_1_234' title='bbox 1099 2618 1133 2681; x_wconf 94' lang='lat' dir='ltr'>id</span> <span class='ocrx_word' id='word_1_235' title='bbox 1149 2620 1272 2685; x_wconf 90' lang='lat' dir='ltr'>malum</span> 
     </span>
     <span class='ocr_line' id='line_1_30' title="bbox 144 2702 1272 2789; baseline 0.004 -24"><span class='ocrx_word' id='word_1_236' title='bbox 144 2706 263 2789; x_wconf 90' lang='lat' dir='ltr'>partim</span> <span class='ocrx_word' id='word_1_237' title='bbox 299 2714 432 2789; x_wconf 87' lang='lat' dir='ltr'>patrum</span> <span class='ocrx_word' id='word_1_238' title='bbox 469 2703 610 2768; x_wconf 88' lang='lat' dir='ltr'>consiliis</span> <span class='ocrx_word' id='word_1_239' title='bbox 641 2705 760 2787; x_wconf 86' lang='lat' dir='ltr'>partim</span> <span class='ocrx_word' id='word_1_240' title='bbox 793 2704 949 2788; x_wconf 85' lang='lat' dir='ltr'>patientia</span> <span class='ocrx_word' id='word_1_241' title='bbox 982 2702 1097 2788; x_wconf 91' lang='lat' dir='ltr'>plebis,</span> <span class='ocrx_word' id='word_1_242' title='bbox 1133 2706 1200 2770; x_wconf 89' lang='lat' dir='ltr'>iam</span> <span class='ocrx_word' id='word_1_243' title='bbox 1230 2706 1272 2770; x_wconf 88' lang='lat' dir='ltr'>ad</span> 
     </span>
     <span class='ocr_line' id='line_1_31' title="bbox 144 2790 1272 2878; baseline 0.004 -26"><span class='ocrx_word' id='word_1_244' title='bbox 144 2801 292 2853; x_wconf 84' lang='lat' dir='ltr'>extrema</span> <span class='ocrx_word' id='word_1_245' title='bbox 313 2790 453 2853; x_wconf 89' lang='lat' dir='ltr'>venisse.</span> <span class='ocrx_word' id='word_1_246' title='bbox 487 2790 567 2854; x_wconf 89' lang='lat' dir='ltr'>duas</span> <span class='ocrx_word' id='word_1_247' title='bbox 590 2790 737 2854; x_wconf 85' lang='lat' dir='ltr'>civitates</span> <span class='ocrx_word' id='word_1_248' title='bbox 761 2811 804 2853; x_wconf 85' lang='lat' dir='ltr'>ex</span> <span class='ocrx_word' id='word_1_249' title='bbox 824 2811 889 2852; x_wconf 91' lang='lat' dir='ltr'>una</span> <span class='ocrx_word' id='word_1_250' title='bbox 910 2790 1021 2873; x_wconf 84' lang='lat' dir='ltr'>factas,</span> <span class='ocrx_word' id='word_1_251' title='bbox 1055 2812 1131 2854; x_wconf 89' lang='lat' dir='ltr'>suos</span> <span class='ocrx_word' id='word_1_252' title='bbox 1153 2793 1272 2878; x_wconf 87' lang='lat' dir='ltr'>cuique</span> 
     </span>
    </p>

    <p class='ocr_par' dir='ltr' id='par_1_11' title="bbox 91 2872 1273 3219">
     <span class='ocr_line' id='line_1_32' title="bbox 91 2872 1273 2961; baseline 0.004 -22"><span class='ocrx_word' id='word_1_253' title='bbox 91 2893 123 2940; x_wconf 92' lang='lat'>10</span> <span class='ocrx_word' id='word_1_254' title='bbox 143 2876 230 2960; x_wconf 90' lang='lat' dir='ltr'>parti</span> <span class='ocrx_word' id='word_1_255' title='bbox 261 2875 478 2959; x_wconf 80' lang='lat' dir='ltr'>magistratus,</span> <span class='ocrx_word' id='word_1_256' title='bbox 518 2898 592 2939; x_wconf 90' lang='lat' dir='ltr'>suas</span> <span class='ocrx_word' id='word_1_257' title='bbox 624 2872 715 2961; x_wconf 84' lang='lat' dir='ltr'>leges</span> <span class='ocrx_word' id='word_1_258' title='bbox 746 2898 827 2939; x_wconf 88' lang='lat' dir='ltr'>esse.</span> <span class='ocrx_word' id='word_1_259' title='bbox 865 2876 1006 2959; x_wconf 90' lang='lat' dir='ltr'>primum</span> <span class='ocrx_word' id='word_1_260' title='bbox 1036 2876 1069 2938; x_wconf 89' lang='lat' dir='ltr'>in</span> <span class='ocrx_word' id='word_1_261' title='bbox 1101 2875 1273 2944; x_wconf 87' lang='lat' dir='ltr'>dilectibus</span> 
     </span>
     <span class='ocr_line' id='line_1_33' title="bbox 144 2959 1271 3044; baseline 0.007 -22"><span class='ocrx_word' id='word_1_262' title='bbox 144 2961 271 3024; x_wconf 87' lang='lat' dir='ltr'>saevire</span> <span class='ocrx_word' id='word_1_263' title='bbox 304 2959 425 3044; x_wconf 90' lang='lat' dir='ltr'>solitos,</span> <span class='ocrx_word' id='word_1_264' title='bbox 458 2961 590 3025; x_wconf 87' lang='lat' dir='ltr'>eosdem</span> <span class='ocrx_word' id='word_1_265' title='bbox 621 2963 654 3024; x_wconf 92' lang='lat' dir='ltr'>in</span> <span class='ocrx_word' id='word_1_266' title='bbox 685 2960 773 3026; x_wconf 91' lang='lat' dir='ltr'>bello</span> <span class='ocrx_word' id='word_1_267' title='bbox 805 2973 913 3026; x_wconf 85' lang='lat' dir='ltr'>tamen</span> <span class='ocrx_word' id='word_1_268' title='bbox 968 2962 1091 3026; x_wconf 85' lang='lat' dir='ltr'>aruisse</span> <span class='ocrx_word' id='word_1_269' title='bbox 1123 2963 1271 3030; x_wconf 86' lang='lat' dir='ltr'>ducibus.</span> 
     </span>
     <span class='ocr_line' id='line_1_34' title="bbox 145 2985 1273 3132; baseline 0.004 -22"><span class='ocrx_word' id='word_1_270' title='bbox 145 3045 374 3132; x_wconf 88' lang='lat' dir='ltr'>qualicumque</span> <span class='ocrx_word' id='word_1_271' title='bbox 410 3045 500 3110; x_wconf 92' lang='lat' dir='ltr'>urbis</span> <span class='ocrx_word' id='word_1_272' title='bbox 538 3057 624 3111; x_wconf 88' lang='lat' dir='ltr'>statu</span> <span class='ocrx_word' id='word_1_273' title='bbox 654 3058 805 3111; x_wconf 88' lang='lat' dir='ltr'>manente</span> <span class='ocrx_word' id='word_1_274' title='bbox 840 2985 1008 3131; x_wconf 80' lang='lat' dir='ltr'>disciplina</span> <span class='ocrx_word' id='word_1_275' title='bbox 1041 3046 1172 3113; x_wconf 88' lang='lat' dir='ltr'>militari</span> <span class='ocrx_word' id='word_1_276' title='bbox 1204 3052 1273 3115; x_wconf 89' lang='lat' dir='ltr'>sisti</span> 
     </span>
     <span class='ocr_line' id='line_1_35' title="bbox 143 3134 1273 3219; baseline 0.004 -21"><span class='ocrx_word' id='word_1_277' title='bbox 143 3134 306 3219; x_wconf 80' lang='lat' dir='ltr'>potuisse3</span> <span class='ocrx_word' id='word_1_278' title='bbox 340 3134 405 3196; x_wconf 92' lang='lat' dir='ltr'>iam</span> <span class='ocrx_word' id='word_1_279' title='bbox 437 3154 503 3197; x_wconf 91' lang='lat' dir='ltr'>non</span> <span class='ocrx_word' id='word_1_280' title='bbox 535 3134 671 3219; x_wconf 87' lang='lat' dir='ltr'>parendi</span> <span class='ocrx_word' id='word_1_281' title='bbox 709 3135 943 3218; x_wconf 83' lang='lat' dir='ltr'>magistratibus</span> <span class='ocrx_word' id='word_1_282' title='bbox 967 3155 1089 3198; x_wconf 89' lang='lat' dir='ltr'>morem</span> <span class='ocrx_word' id='word_1_283' title='bbox 1111 3136 1144 3198; x_wconf 93' lang='lat' dir='ltr'>in</span> <span class='ocrx_word' id='word_1_284' title='bbox 1167 3150 1273 3203; x_wconf 88' lang='lat' dir='ltr'>castra</span> 
     </span>
    </p>

    <p class='ocr_par' dir='ltr' id='par_1_12' title="bbox 91 3218 1273 3565">
     <span class='ocr_line' id='line_1_36' title="bbox 91 3218 1273 3308; baseline 0.001 -21"><span class='ocrx_word' id='word_1_285' title='bbox 91 3240 121 3287; x_wconf 89' lang='lat'>11</span> <span class='ocrx_word' id='word_1_286' title='bbox 145 3241 276 3305; x_wconf 88' lang='lat' dir='ltr'>quoque</span> <span class='ocrx_word' id='word_1_287' title='bbox 307 3219 487 3283; x_wconf 90' lang='lat' dir='ltr'>Romanum</span> <span class='ocrx_word' id='word_1_288' title='bbox 520 3218 653 3283; x_wconf 91' lang='lat' dir='ltr'>militem</span> <span class='ocrx_word' id='word_1_289' title='bbox 692 3222 791 3305; x_wconf 88' lang='lat' dir='ltr'>sequi.</span> <span class='ocrx_word' id='word_1_290' title='bbox 829 3222 978 3304; x_wconf 81' lang='lat' dir='ltr'>proximo</span> <span class='ocrx_word' id='word_1_291' title='bbox 1010 3219 1097 3285; x_wconf 85' lang='lat' dir='ltr'>bello</span> <span class='ocrx_word' id='word_1_292' title='bbox 1132 3223 1167 3285; x_wconf 91' lang='lat' dir='ltr'>in</span> <span class='ocrx_word' id='word_1_293' title='bbox 1195 3224 1273 3308; x_wconf 82' lang='lat' dir='ltr'>ipsa</span> 
     </span>
     <span class='ocr_line' id='line_1_37' title="bbox 145 3305 1273 3391; baseline 0.005 -22"><span class='ocrx_word' id='word_1_294' title='bbox 145 3307 224 3388; x_wconf 90' lang='lat' dir='ltr'>acie,</span> <span class='ocrx_word' id='word_1_295' title='bbox 256 3305 383 3391; x_wconf 89' lang='lat' dir='ltr'>inipso</span> <span class='ocrx_word' id='word_1_296' title='bbox 407 3307 585 3369; x_wconf 85' lang='lat' dir='ltr'>certamine</span> <span class='ocrx_word' id='word_1_297' title='bbox 619 3327 779 3370; x_wconf 79' lang='lat' dir='ltr'>consensu</span> <span class='ocrx_word' id='word_1_298' title='bbox 810 3306 972 3370; x_wconf 80' lang='lat' dir='ltr'>exercitus</span> <span class='ocrx_word' id='word_1_299' title='bbox 1003 3307 1155 3371; x_wconf 87' lang='lat' dir='ltr'>traditam</span> <span class='ocrx_word' id='word_1_300' title='bbox 1187 3309 1273 3375; x_wconf 88' lang='lat' dir='ltr'>ultro</span> 
     </span>
     <span class='ocr_line' id='line_1_38' title="bbox 145 3391 1273 3477; baseline 0.007 -24"><span class='ocrx_word' id='word_1_301' title='bbox 145 3392 314 3455; x_wconf 89' lang='lat' dir='ltr'>victoriam</span> <span class='ocrx_word' id='word_1_302' title='bbox 336 3392 430 3456; x_wconf 88' lang='lat' dir='ltr'>victis</span> <span class='ocrx_word' id='word_1_303' title='bbox 454 3391 589 3477; x_wconf 83' lang='lat' dir='ltr'>Aequis,</span> <span class='ocrx_word' id='word_1_304' title='bbox 621 3392 712 3475; x_wconf 87' lang='lat' dir='ltr'>signa</span> <span class='ocrx_word' id='word_1_305' title='bbox 734 3391 873 3473; x_wconf 87' lang='lat' dir='ltr'>deserta,</span> <span class='ocrx_word' id='word_1_306' title='bbox 896 3392 1126 3475; x_wconf 85' lang='lat' dir='ltr'>imperatorem</span> <span class='ocrx_word' id='word_1_307' title='bbox 1147 3395 1183 3458; x_wconf 92' lang='lat' dir='ltr'>in</span> <span class='ocrx_word' id='word_1_308' title='bbox 1204 3397 1273 3461; x_wconf 89' lang='lat' dir='ltr'>acie</span> 
     </span>
     <span class='ocr_line' id='line_1_39' title="bbox 146 3476 1272 3565; baseline 0.007 -26"><span class='ocrx_word' id='word_1_309' title='bbox 146 3476 304 3559; x_wconf 87' lang='lat' dir='ltr'>relictum,</span> <span class='ocrx_word' id='word_1_310' title='bbox 326 3478 449 3540; x_wconf 86' lang='lat' dir='ltr'>iniussu</span> <span class='ocrx_word' id='word_1_311' title='bbox 470 3479 503 3540; x_wconf 92' lang='lat' dir='ltr'>in</span> <span class='ocrx_word' id='word_1_312' title='bbox 526 3489 634 3541; x_wconf 88' lang='lat' dir='ltr'>castra</span> <span class='ocrx_word' id='word_1_313' title='bbox 655 3478 805 3541; x_wconf 84' lang='lat' dir='ltr'>reditum.</span> <span class='ocrx_word' id='word_1_314' title='bbox 821 3480 979 3561; x_wconf 86' lang='lat' dir='ltr'>prolecto,</span> <span class='ocrx_word' id='word_1_315' title='bbox 1003 3481 1030 3541; x_wconf 88' lang='lat' dir='ltr'>si</span> <span class='ocrx_word' id='word_1_316' title='bbox 1051 3480 1199 3565; x_wconf 89' lang='lat' dir='ltr'>instetur,</span> <span class='ocrx_word' id='word_1_317' title='bbox 1215 3504 1272 3547; x_wconf 89' lang='lat' dir='ltr'>suo</span> 
     </span>
    </p>

    <p class='ocr_par' dir='ltr' id='par_1_13' title="bbox 96 3560 1273 3905">
     <span class='ocr_line' id='line_1_40' title="bbox 96 3560 1273 3650; baseline 0.006 -24"><span class='ocrx_word' id='word_1_318' title='bbox 96 3586 127 3633; x_wconf 74' lang='lat'>1⁸2</span> <span class='ocrx_word' id='word_1_319' title='bbox 146 3564 247 3626; x_wconf 88' lang='lat' dir='ltr'>milite</span> <span class='ocrx_word' id='word_1_320' title='bbox 269 3564 356 3627; x_wconf 86' lang='lat' dir='ltr'>vinci</span> <span class='ocrx_word' id='word_1_321' title='bbox 377 3562 515 3626; x_wconf 87' lang='lat' dir='ltr'>Romam</span> <span class='ocrx_word' id='word_1_322' title='bbox 538 3585 645 3648; x_wconf 86' lang='lat' dir='ltr'>posse.</span> <span class='ocrx_word' id='word_1_323' title='bbox 668 3562 747 3626; x_wconf 90' lang='lat' dir='ltr'>nihil</span> <span class='ocrx_word' id='word_1_324' title='bbox 770 3560 858 3625; x_wconf 89' lang='lat' dir='ltr'>aliud</span> <span class='ocrx_word' id='word_1_325' title='bbox 875 3585 957 3646; x_wconf 92' lang='lat' dir='ltr'>opus</span> <span class='ocrx_word' id='word_1_326' title='bbox 974 3586 1045 3628; x_wconf 89' lang='lat' dir='ltr'>esse</span> <span class='ocrx_word' id='word_1_327' title='bbox 1062 3587 1159 3650; x_wconf 90' lang='lat' dir='ltr'>quam</span> <span class='ocrx_word' id='word_1_328' title='bbox 1174 3568 1273 3633; x_wconf 90' lang='lat' dir='ltr'>indici</span> 
     </span>
     <span class='ocr_line' id='line_1_41' title="bbox 147 3647 1271 3735; baseline 0.005 -23"><span class='ocrx_word' id='word_1_329' title='bbox 147 3649 339 3733; x_wconf 87' lang='lat' dir='ltr'>ostendique</span> <span class='ocrx_word' id='word_1_330' title='bbox 362 3647 499 3728; x_wconf 89' lang='lat' dir='ltr'>bellum;</span> <span class='ocrx_word' id='word_1_331' title='bbox 523 3658 632 3712; x_wconf 88' lang='lat' dir='ltr'>cetera</span> <span class='ocrx_word' id='word_1_332' title='bbox 654 3667 712 3711; x_wconf 89' lang='lat' dir='ltr'>sua</span> <span class='ocrx_word' id='word_1_333' title='bbox 736 3659 852 3732; x_wconf 85' lang='lat' dir='ltr'>sponte</span> <span class='ocrx_word' id='word_1_334' title='bbox 875 3648 942 3711; x_wconf 86' lang='lat' dir='ltr'>fata</span> <span class='ocrx_word' id='word_1_335' title='bbox 965 3660 998 3712; x_wconf 87' lang='lat' dir='ltr'>et</span> <span class='ocrx_word' id='word_1_336' title='bbox 1021 3650 1099 3714; x_wconf 91' lang='lat' dir='ltr'>deos</span> <span class='ocrx_word' id='word_1_337' title='bbox 1114 3663 1271 3735; x_wconf 86' lang='lat' dir='ltr'>gesturos.</span> 
     </span>
     <span class='ocr_line' id='line_1_42' title="bbox 147 3732 1273 3818; baseline 0.007 -21"><span class='ocrx_word' id='word_1_338' title='bbox 147 3734 210 3799; x_wconf 87' lang='lat' dir='ltr'>bae</span> <span class='ocrx_word' id='word_1_339' title='bbox 234 3757 309 3818; x_wconf 90' lang='lat' dir='ltr'>spes</span> <span class='ocrx_word' id='word_1_340' title='bbox 332 3734 489 3798; x_wconf 85' lang='lat' dir='ltr'>Etruscos</span> <span class='ocrx_word' id='word_1_341' title='bbox 513 3743 719 3798; x_wconf 88' lang='lat' dir='ltr'>armaverant</span> <span class='ocrx_word' id='word_1_342' title='bbox 734 3732 842 3797; x_wconf 82' lang='lat' dir='ltr'>multis</span> <span class='ocrx_word' id='word_1_343' title='bbox 857 3734 890 3796; x_wconf 92' lang='lat' dir='ltr'>in</span> <span class='ocrx_word' id='word_1_344' title='bbox 905 3735 1010 3799; x_wconf 84' lang='lat' dir='ltr'>vicem</span> <span class='ocrx_word' id='word_1_345' title='bbox 1025 3737 1154 3802; x_wconf 88' lang='lat' dir='ltr'>casibus</span> <span class='ocrx_word' id='word_1_346' title='bbox 1169 3740 1273 3805; x_wconf 82' lang='lat' dir='ltr'>victos</span> 
     </span>
     <span class='ocr_line' id='line_1_43' title="bbox 146 3821 360 3905; baseline 0.005 -22"><span class='ocrx_word' id='word_1_347' title='bbox 146 3821 360 3905; x_wconf 86' lang='lat' dir='ltr'>victoresque.</span> 
     </span>
    </p>
   </div>
   <div class='ocr_carea' id='block_1_3' title="bbox 0 0 1374 4146">
    <p class='ocr_par' dir='ltr' id='par_1_14' title="bbox 0 0 1374 4146">
     <span class='ocr_line' id='line_1_44' title="bbox 0 0 1374 4146; baseline 0 0"><span class='ocrx_word' id='word_1_348' title='bbox 0 0 1374 4146; x_wconf 95' lang='lat' dir='ltr'> </span> 
     </span>
    </p>
   </div>
  </div>
 </body>
</html>
