2738 4146
92 126 156 184 224
394 140 503 189 nisan
520 141 569 189 m
588 138 663 191 car.
682 144 724 191 so.
745 139 778 206 [a
797 140 830 191 u.
848 156 871 190 a
890 138 960 206 acal.

142 320 274 395 spectus
298 320 357 392 est,
391 311 538 374 strictum
560 308 658 372 etiam
679 307 781 373 telum
802 332 1039 395 respersusque
1061 311 1134 395 ipse
1156 333 1280 376 cruore

141 398 267 459 totuin
290 419 326 460 se
349 406 458 459 castra
485 397 653 459 convertit.
689 404 722 458 et
742 406 839 478 togae
862 395 1070 459 multifariam
1101 398 1133 460 in
1158 400 1281 462 castris

140 482 231 545 visae
254 483 384 545 maioris
407 481 583 567 aliquanto,
608 501 706 563 quam
728 492 808 560 erat,
832 483 975 567 speciem
997 482 1143 546 urbanae
1166 483 1278 546 multi·

107 581 125 629 t
140 567 262 631 tudinis
276 567 431 632 fecerant.
455 565 695 652 quaerentibus,
713 568 791 651 quid
806 571 854 631 rei
869 576 965 649 esset,
986 566 1068 632 flens
1085 568 1141 630 diu
1155 590 1277 633 vocem
1342 585 1345 592 '

141 674 208 716 non
229 654 330 734 misit3
362 653 505 734 tandem,
537 662 574 715 ut
605 653 669 715 iam
704 674 746 716 ex
768 653 987 737 trepidatione
1009 657 1278 718 concurrentium

142 737 240 803 turba
271 740 413 803 constitit
443 760 482 803 ac
514 737 676 802 silentium
707 737 777 819 fuit,
811 739 924 803 ordine
952 748 1080 820 cuncta,
1112 750 1150 803 ut
1181 751 1279 824 gesta

108 834 242 905 terant,
267 827 428 911 exposuit.
451 825 583 909 supinas
606 823 725 888 deinde
745 824 883 888 tendens
905 847 1019 890 manus
1035 823 1278 891 commilitones

143 909 310 998 appellans
334 911 458 992 orabat,
486 933 536 991 ne,
570 910 658 994 quod
691 908 796 973 scelus
828 912 892 1059 AB.
916 908 1045 975 Claudii
1076 920 1174 990 esset,
1209 912 1275 976 sibi

142 996 357 1061 attribuerent
388 1019 453 1060 neu
489 1019 525 1060 se
556 1010 592 1059 ut
626 995 823 1081 parricidam
874 996 1000 1061 'berum
1029 1008 1274 1062 aversarentur.

106 1082 204 1147 esibi
225 1084 325 1147 vitam
349 1081 436 1147 filiae
459 1104 518 1145 sua
540 1083 700 1145 cariorem
721 1082 831 1158 fuisse,
863 1084 892 1147 si
912 1081 1036 1146 liberae
1069 1104 1107 1146 ac
1129 1083 1275 1169 pudicae

141 1171 254 1232 vivere
290 1168 414 1232 licitum
450 1168 578 1249 fuisset3
619 1190 693 1231 cum
730 1168 823 1232 velut
860 1190 988 1232 servam
1024 1169 1096 1253 rapi
1132 1169 1276 1251 videret,

142 1264 247 1318 morte
292 1255 396 1317 amitti
440 1252 554 1317 melius
598 1264 705 1317 ratum
752 1276 850 1339 quam
897 1252 1093 1318 contumelia
1137 1252 1274 1338 liberos,

108 1357 123 1404 7
141 1340 365 1422 misericordia
380 1362 416 1404 se
432 1341 464 1403 in
487 1340 630 1424 speciem
646 1339 845 1403 crudelitatis
860 1337 998 1425 lapsum.
1021 1361 1082 1404 nec
1097 1361 1134 1403 se
1158 1363 1275 1426 super·

141 1428 249 1490 etitem
271 1425 357 1488 tiliae
387 1425 531 1489 futurum
564 1424 674 1506 fnisse,
706 1427 768 1488 nisi
798 1448 891 1510 spem
923 1424 1131 1490 ulciscendae
1159 1429 1276 1491 mortis

142 1513 211 1575 eius
233 1513 264 1574 in
288 1510 409 1577 auxilio
433 1511 688 1575 commilitonum
716 1510 895 1575 habuisset.
933 1510 997 1574 illis
1032 1533 1163 1597 quoque
1188 1515 1276 1576 enim

141 1596 234 1678 filias,
258 1618 387 1661 sorores
410 1598 630 1683 coniugesque
645 1620 728 1679 esse,
751 1619 813 1661 nec
836 1620 910 1661 cum
932 1595 999 1660 filia
1021 1619 1081 1661 sua
1102 1597 1276 1662 libidinem

142 1684 206 1768 Ap.
240 1682 368 1747 Claudii
400 1684 575 1747 extinctam
608 1705 689 1760 esse,
728 1683 786 1747 sed
825 1704 889 1768 quo
926 1683 1105 1768 inpunitior
1143 1684 1195 1766 sit,
1234 1707 1276 1750 eo

105 1770 380 1837 seffrenatiorem
411 1768 490 1832 fore.
529 1767 634 1832 aliena
665 1768 851 1832 calamitate
889 1769 1121 1833 documentum
1159 1769 1276 1834 datum

141 1854 204 1919 illis
227 1854 393 1919 cavendae
416 1854 529 1918 similis
553 1857 695 1918 iniuriae.
721 1855 808 1941 quod
832 1854 873 1917 ad
897 1876 932 1918 se
956 1856 1101 1929 attineat,
1132 1877 1275 1921 uxorem

141 1940 202 2005 sibi
233 1941 299 2004 fato
331 1950 487 2024 ereptam,
519 1939 629 2022 filiam,
664 1941 740 2027 quia
770 1962 834 2004 non
865 1938 951 2003 ultra
984 1941 1105 2025 pudica
1141 1942 1276 2006 victura

106 2028 247 2107 afuerit,
271 2026 435 2105 miseram,
459 2026 516 2090 sed
540 2026 709 2090 honestam
733 2036 869 2090 mortem
886 2026 1096 2109 occubuisse3
1117 2048 1185 2091 non
1201 2051 1277 2092 esse

140 2114 204 2176 iam
228 2110 329 2198 Appii
352 2112 479 2175 libidini
509 2111 617 2176 locum
648 2113 681 2174 in
716 2111 812 2176 domo
836 2134 908 2193 sua,
946 2112 987 2175 ab
1019 2111 1083 2176 alia
1116 2112 1278 2179 violentia

142 2199 212 2263 eius
235 2200 351 2262 eodem
373 2219 408 2262 se
431 2199 538 2262 animo
562 2220 656 2262 suum
680 2219 798 2282 corpus
812 2199 1062 2279 vindicaturum,
1086 2221 1152 2284 quo
1168 2199 1277 2264 vindi-

91 2297 124 2345 10
143 2285 266 2349 caverit
288 2283 388 2364 filiae3
422 2285 522 2348 ceteri
545 2283 607 2348 sibi
630 2305 669 2347 ac
691 2282 802 2348 liberis
836 2286 902 2348 suis
934 2283 1151 2350 consulerent.
1190 2285 1276 2350 baec

141 2371 296 2454 Verginio
320 2369 511 2434 vociferanti
533 2369 754 2434 succlamabat
775 2369 949 2434 multitudo
971 2392 1033 2434 nec
1054 2368 1140 2434 illius
1167 2368 1276 2436 dolori

140 2479 202 2522 nec
225 2479 303 2521 suae
326 2455 471 2520 libertati
493 2479 528 2520 se
551 2456 728 2521 defuturos.
768 2466 802 2520 et
832 2457 971 2520 immixti
993 2455 1110 2520 turbae
1133 2455 1276 2522 militum

141 2545 242 2628 togati
264 2543 379 2607 eadem
402 2540 457 2604 illa
480 2543 644 2628 querendo
669 2542 891 2627 docendoque,
924 2551 1045 2627 quanto
1076 2543 1148 2606 visa
1171 2564 1275 2628 quam

141 2631 252 2693 audita
285 2629 467 2711 indigniora
496 2629 662 2712 potuerint
692 2628 807 2706 videri,
841 2626 936 2691 simul
969 2627 1174 2712 profligatam
1207 2630 1275 2693 iam

90 2729 122 2778 11
141 2738 210 2779 rem
234 2715 411 2778 nuntiando
434 2712 556 2778 Romae
579 2736 660 2796 esse,
684 2714 896 2799 insecutique,
922 2716 977 2799 qui
1000 2713 1146 2798 Appium
1166 2735 1275 2799 prope

141 2803 370 2882 interemptum
392 2800 425 2862 in
448 2797 581 2864 exilium
604 2799 712 2864 abisse
736 2800 890 2880 dicerent,
914 2799 1136 2884 perpulerunt,
1168 2809 1206 2863 ut
1228 2801 1274 2864 ad

142 2908 232 2950 arma
255 2884 518 2953 conclamaretur.
542 2884 767 2970 vellerentque
794 2887 887 2968 signa
918 2894 951 2949 et
972 2885 1110 2949 Romam
1141 2885 1275 2971 profici·

91 2980 319 3036 macerentur.
348 2971 534 3052 decemviri,
559 2970 655 3034 simul
676 2972 725 3052 iis,
749 2993 832 3056 quae
854 2970 1020 3052 videbant,
1051 2972 1157 3056 iisque
1185 2993 1274 3057 quae

141 3068 215 3122 acta
245 3056 369 3121 Romae
396 3057 575 3138 audierant,
611 3056 801 3143 perturbati,
836 3056 917 3121 alins
949 3058 982 3120 in
1014 3055 1110 3120 aliam
1143 3053 1274 3141 partem

142 3153 321 3208 castrorum
345 3143 385 3206 ad
410 3143 572 3207 sedandos
595 3153 701 3207 motus
726 3143 918 3208 discurrunt.
952 3152 985 3206 et
1006 3142 1124 3207 leniter
1146 3146 1273 3226 agenti·

140 3230 203 3295 bus
225 3251 419 3314 responsum
440 3251 505 3293 non
527 3229 689 3310 redditur3
727 3230 900 3313 imperium
934 3228 961 3292 si
992 3231 1064 3314 quis
1097 3227 1273 3310 inhiberet,

89 3335 121 3382 13
143 3328 176 3382 et
199 3317 287 3381 viros
311 3326 344 3378 et
367 3325 508 3378 armatos
531 3337 567 3379 se
591 3338 663 3379 esse
691 3315 916 3400 respondetur.
955 3324 1033 3377 eunt
1063 3316 1192 3398 agmine
1227 3316 1272 3380 ad

141 3402 255 3466 urbem
280 3412 312 3465 et
328 3402 523 3465 Aventinum
546 3402 697 3482 insidunt,
722 3411 757 3465 ut
773 3403 909 3486 quisque
925 3410 1119 3479 occurrerat,
1160 3399 1273 3466 lebem

142 3490 183 3552 ad
206 3487 417 3574 repetendam
440 3487 624 3552 libertatem
652 3487 876 3572 creandosque
906 3486 1054 3550 tribunos
1084 3423 1190 3571 plebis
1214 3487 1273 3551 ad·

88 3595 121 3643 14
141 3575 318 3639 hortantes.
343 3574 406 3636 alia
428 3595 494 3637 vox
517 3572 604 3637 nulla
625 3573 767 3638 violenta
799 3572 909 3636 audita
945 3581 1004 3651 est.
1040 3581 1187 3636 senatum
1213 3572 1272 3658 sp.

143 3662 270 3747 Oppius
303 3661 412 3723 habet.
450 3658 530 3722 nihil
562 3658 670 3744 placet
702 3681 818 3745 aspere
850 3658 915 3741 agi:
977 3659 1093 3743 uippe‘
1115 3658 1155 3723 ab
1188 3660 1272 3746 ipsis

87 3770 120 3820 15
141 3748 251 3810 datum
276 3746 384 3809 locum
408 3746 558 3809 seditioni
581 3767 662 3809 esse.
686 3747 856 3809 mittuntur
879 3755 944 3809 tres
955 3681 1066 3828 legati
1083 3744 1272 3811 consulares
1306 3804 1309 3813 .

128 3833 185 3916 Sp.
214 3832 382 3917 Tarpeius,
410 3829 445 3898 0.
469 3829 583 3918 lulius,
606 3830 643 3897 P.
660 3829 836 3919 Sulpicius,
856 3830 913 3917 qui
927 3840 1123 3917 quaererent
1137 3841 1272 3897 senatus
