2738 4146
361 105 471 155 arnna
488 106 536 156 11n
556 104 632 156 cnr.
649 106 692 159 so.
712 109 754 158 si.
774 105 807 175 [a.
827 106 858 159 u.
878 123 901 158 s.
920 107 990 176 soal.
1211 96 1273 154 225

91 276 210 357 verbis,
234 277 325 341 cuius
348 278 439 342 iussu
461 287 569 342 castra
591 279 822 358 deseruissent,
846 289 903 344 aut
918 280 996 367 quid
1012 280 1074 344 sibi
1090 279 1221 364 vellent,

90 365 145 451 qui
169 365 287 428 armati
309 362 509 428 Aventinum
531 364 736 430 obsedissent
758 365 912 453 belloque
933 387 1049 430 averso
1066 367 1107 431 ab
1122 366 1222 431 hosti·

90 450 151 515 bus
174 451 314 534 patriam
338 472 430 514 suam
446 452 620 535 cepissent.
637 474 700 516 non
717 451 829 533 defuit,
847 452 935 538 quod
951 453 1222 540 responderetur;
1242 470 1275 518 to

91 537 215 618 deerat,
239 537 296 622 qui
319 536 412 601 daret
433 559 626 622 responsum
647 537 818 603 nullodum
840 549 930 604 certo
955 539 1039 604 duce
1061 561 1123 604 neo
1144 541 1222 603 satis

90 621 287 688 audentibus
310 622 445 706 singulis
467 624 609 688 invidiae
632 647 667 689 se
691 624 817 689 offerre.
845 625 878 688 id
913 625 1012 689 modo
1036 646 1056 686 a
1077 625 1222 690 multitu·

91 710 167 774 dine
190 708 426 773 conclamatum
450 717 510 791 est,
544 720 579 774 ut
606 710 645 774 L.
666 709 836 775 Valerium
859 721 892 776 et
913 710 959 774 M.
983 710 1158 776 Horatium
1181 711 1223 775 ad

91 818 125 861 se
149 795 331 859 mitterent:
355 796 452 859 iisse
476 797 609 862 daturos
630 797 834 882 responsum.

193 877 251 945 LI.
273 881 427 944 Dimissis
458 879 574 966 legatis
597 882 750 947 admonet
784 880 903 947 milites
925 881 1100 965 Verginius
1130 882 1164 945 in
1185 902 1255 949 rel

92 988 157 1032 non
179 967 324 1030 maxima
346 965 443 1052 paulo
466 978 542 1032 ante
572 969 770 1054 trepidatum
793 989 875 1049 esse,
909 969 984 1053 quia
1016 969 1084 1032 sine
1117 969 1222 1055 capite

90 1053 265 1119 multitudo
288 1052 395 1134 fuerit,
430 1076 699 1141 responsumque,
738 1075 935 1141 quamquam
958 1076 1023 1119 non
1054 1053 1221 1137 inutiliter,

91 1139 224 1204 fortuito
247 1148 358 1204 tamen
378 1141 482 1222 magis
505 1163 665 1205 consensu
689 1163 786 1227 quam
810 1141 974 1204 communi
990 1139 1123 1204 consilio
1141 1162 1222 1204 esse.
1314 1174 1319 1188 ·

112 1224 224 1290 lacere
241 1225 356 1290 decem
373 1227 487 1308 creari,
512 1228 567 1313 qui
582 1249 728 1292 summae
746 1229 794 1291 rei
810 1235 1011 1313 praeessent,
1027 1225 1224 1312 militarique
1243 1241 1259 1288 2

91 1249 217 1377 bonore
254 1312 403 1376 tribunos
440 1313 578 1377 militum
615 1311 784 1400 appellari.
830 1335 904 1376 cum
936 1313 976 1376 ad
1010 1334 1084 1376 eum
1116 1314 1258 1398 ipsuma

93 1400 234 1484 primum
265 1400 292 1462 is
324 1397 428 1463 honos
461 1398 652 1483 deferretur,
686 1398 894 1481 „melioribus
927 1399 1009 1462 meis
1039 1400 1224 1547 vestrisque

92 1485 192 1549 rebus
214 1484 399 1549 reservate“
424 1486 530 1571 inquit
552 1485 634 1566 ,ista
657 1485 698 1550 de
720 1508 773 1549 me
794 1485 928 1565 iudicia;
965 1506 1027 1549 nec
1056 1484 1135 1549 mihi
1182 1485 1260 1550 lia4
1303 1494 1308 1504 “

92 1569 197 1636 inulta
219 1569 378 1634 honorem
398 1568 502 1635 ullum
523 1570 700 1636 iucundum
732 1593 804 1636 esse
826 1571 960 1656 patitur,
991 1572 1117 1658 necin
1149 1593 1223 1671 per:

92 1657 224 1722 turbata
245 1678 282 1721 re
305 1655 439 1742 publica
461 1678 517 1721 eos
540 1657 620 1721 utile
643 1667 694 1722 est
714 1678 869 1742 praeesse
883 1655 988 1737 vobis,
1012 1657 1067 1742 qui
1082 1658 1225 1742 proximr

91 1743 235 1810 invidiae
257 1744 330 1807 sint.
354 1743 380 1807 si
404 1742 476 1828 quis
498 1765 577 1808 usus
600 1744 665 1809 mei
688 1753 747 1824 est,
773 1740 873 1807 nihilo
895 1742 1002 1806 minor
1024 1764 1065 1807 ex
1095 1745 1260 1829 privatos

93 1830 272 1915 capietur“.
295 1831 341 1893 ita
364 1828 477 1893 decem
500 1851 635 1893 numero
657 1828 806 1894 tribunos
834 1825 991 1891 militares
1015 1838 1137 1892 creant.
1243 1851 1259 1899 e

195 1914 311 2001 Neque
333 1916 366 1978 in
389 1914 518 1980 Sabinis
541 1917 664 1999 quievit
686 1916 859 1980 exercitus.
883 1913 930 1977 ibi
945 1936 1077 2000 quoque
1092 1923 1259 1984 auctorer

91 1999 185 2065 Icilio
208 2000 459 2087 Numitorioque
490 2003 632 2066 secessio
663 2002 705 2066 ab
737 2001 932 2066 decemviris
962 1999 1050 2064 facta
1083 2011 1133 2065 est
1159 2022 1225 2064 non

91 2088 218 2152 minore
252 2095 343 2151 motu
376 2089 558 2152 animorum
590 2085 687 2152 Siccii
720 2087 831 2152 caedis
867 2089 1026 2151 memoria
1055 2096 1223 2166 renovata,

93 2195 191 2260 quam
215 2194 313 2260 quem
334 2195 422 2238 nova
443 2173 530 2237 fama
553 2174 594 2238 de
616 2175 743 2258 virgine
765 2173 847 2238 adeo
870 2172 966 2237 foede
991 2173 1032 2236 ad
1056 2171 1225 2238 libidinem

90 2261 194 2344 petita
216 2259 420 2324 accenderat.
458 2259 579 2343 Icilius,
611 2260 668 2325 ubi
701 2259 826 2324 audivit
856 2259 1005 2323 tribunos
1035 2258 1170 2323 militum
1192 2259 1259 2332 ins

91 2344 257 2410 Aventino
281 2355 419 2429 creatos,
452 2367 494 2409 ne
519 2347 722 2411 comitiorum
745 2344 932 2409 militarium
962 2347 1225 2428 praerogativam

90 2432 217 2496 urbana
239 2432 370 2496 comitia
391 2432 507 2497 iisdem
529 2430 668 2497 tribunis
691 2430 797 2516 plebis
826 2429 974 2494 creandis
998 2439 1224 2516 sequerentur,

90 2519 215 2604 peritus
238 2540 347 2582 rerum
370 2517 577 2603 popularium
599 2519 836 2602 imminensque
859 2517 889 2581 ei
911 2517 1066 2601 potestati
1089 2524 1123 2581 et
1143 2516 1224 2599 ipse,
1244 2537 1260 2585 a

91 2605 283 2690 priusquam
306 2605 409 2668 iretur
430 2605 474 2668 ad
488 2603 616 2685 urbem,
630 2605 702 2690 pari
717 2611 880 2689 potestate
895 2601 1037 2666 eundem
1051 2624 1224 2667 numerum

91 2689 132 2754 ab
156 2691 224 2755 suis
246 2689 425 2753 creandum
446 2683 551 2754 ‘curat
575 2700 672 2775 porta
690 2688 822 2755 ‘Collina
842 2687 958 2752 urbem
982 2687 1145 2754 intravere
1161 2688 1222 2752 sub
1243 2711 1277 2762 10

91 2777 190 2860 signis
214 2775 388 2863 mediaque
403 2776 486 2841 urbe
502 2778 630 2861 agmine
645 2776 679 2839 in
694 2774 894 2840 Aventinum
911 2783 1063 2860 pergunt.
1086 2774 1133 2839 ibi
1148 2796 1224 2839 con-

90 2863 192 2927 iuncti
229 2861 322 2927 alteri
360 2863 519 2927 exercitui
555 2863 670 2946 viginti
707 2861 845 2927 tribunis
882 2860 1021 2924 militum
1059 2863 1224 2944 negotium

91 2949 262 3027 dederunt,
294 2956 331 3013 nt
364 2971 407 3013 ex
436 2967 495 3013 suo
528 2971 664 3013 numero
699 2948 781 3012 duos
809 2956 967 3029 crearent,
1000 2947 1055 3033 qui
1078 2969 1224 3011 summae

89 3057 199 3101 rerum
221 3044 421 3118 praeessent.
444 3034 489 3100 M.
513 3032 670 3121 Oppium,
694 3033 771 3100 Sex.
793 3031 962 3096 Manilium
986 3042 1105 3096 creant.

193 3120 307 3185 Patres
331 3120 460 3186 solliciti
484 3121 525 3185 de
548 3142 674 3185 summa
696 3141 816 3200 rerum,
841 3140 916 3182 cnm
940 3126 1072 3182 senatus
1105 3118 1224 3183 cotidie
1243 3137 1275 3186 11

90 3216 187 3289 esset,
210 3208 323 3290 iurgiis
346 3209 476 3292 saepius
499 3217 609 3270 terunt
639 3216 771 3291 tempus
804 3227 901 3292 quam
935 3203 1087 3267 consiliis.
1127 3202 1276 3274 Siccii1a

91 3294 212 3358 caedes
236 3293 429 3358 decemviris
461 3301 495 3358 et
516 3291 569 3376 Ap
596 3293 670 3355 iana
699 3291 802 3356 libido
835 3299 868 3355 et
900 3289 1064 3354 dedecora
1090 3288 1225 3354 militiae

90 3379 327 3445 obiciebantur.
351 3378 505 3464 placebat
527 3316 695 3443 Valerium
719 3378 956 3462 Horatiumque
988 3375 1036 3439 ire
1059 3377 1092 3440 in
1115 3375 1224 3440 Aven-

88 3468 203 3530 tinum.
242 3465 288 3529 illi
318 3465 483 3548 negabant
513 3485 550 3528 se
582 3463 677 3528 aliter
708 3465 820 3544 ituros,
854 3484 953 3548 quam
987 3462 1013 3524 si
1048 3461 1224 3527 decemviri

88 3553 293 3638 deponerent
322 3552 460 3634 insignia
493 3549 702 3634 magistratus
725 3551 805 3631 eius,
837 3570 902 3635 quo
937 3569 1021 3612 anno
1051 3548 1116 3612 iam
1149 3557 1225 3613 ante

88 3638 244 3704 abissent.
277 3638 453 3701 decemviri
476 3645 650 3722 querentes
673 3658 709 3701 se
730 3637 763 3699 in
787 3635 934 3699 ordinem
957 3634 1037 3716 cogi,
1062 3655 1128 3697 non
1150 3643 1277 3706 ante1a

89 3746 189 3813 quam
212 3723 347 3808 perlatis
370 3721 507 3807 legibus,
540 3744 679 3808 quarum
703 3743 801 3787 causa
824 3721 926 3785 creati
949 3728 1071 3798 essent,
1094 3719 1224 3802 deposi·
1339 3716 1342 3733 ⁴

88 3821 182 3876 turos
205 3811 375 3896 imperium
400 3833 435 3876 se
459 3808 599 3874 aiebant,

130 3914 152 3948 r.
162 3913 207 3946 arr.
217 3912 254 3953 111,
265 3910 299 3953 rr,
313 3911 342 3945 ra
1176 3893 1218 3941 tis
