2738 4146
98 155 162 212 206
390 166 498 217 aissa
515 165 602 215 xxu.
620 165 696 216 cnr.
713 167 755 217 ao.
775 163 809 231 [ι
826 163 860 215 11.
878 180 901 214 e
919 162 990 231 sest.
1011 208 1020 222 ,

151 340 271 403 civium
304 339 532 424 sociorumque
554 339 643 401 circa
664 359 723 401 vos
755 358 795 401 eo
822 338 894 419 ipso
917 335 972 398 die
994 357 1092 400 caesa
1113 337 1230 402 iacent.
1252 335 1275 400 si

150 434 200 488 tot
222 423 375 508 exempla
396 423 526 487 virtutis
547 445 612 487 non
634 433 777 505 movent,
804 420 885 485 nihil
907 444 1063 506 umquam
1080 423 1240 504 movebis
1254 423 1277 485 si
1321 418 1325 425 ’

99 531 131 578 15
151 520 241 574 tenta
263 508 374 574 clades
396 509 494 574 vilem
516 513 618 574 vitam
640 531 706 574 non
728 510 816 593 fecit,
838 507 928 572 nulla
946 509 1053 572 faciet.
1070 507 1168 574 liberi
1184 519 1277 597 atque

150 595 329 661 incolumes
353 595 538 660 desiderate
560 597 717 680 patriam;
739 596 838 659 immo
862 594 1058 673 desiderate,
1083 594 1164 660 dum
1177 597 1278 682 patria

151 692 210 760 est,
244 684 321 746 dum
353 683 443 746 cives
476 683 546 746 eius
575 683 663 746 estis.
690 703 763 745 sero
786 702 873 744 nunc
896 680 1099 764 desideratis,
1123 681 1277 746 deminuti

151 769 266 853 capite,
294 766 467 832 abalienati
494 769 565 832 iure
591 768 720 844 civium,
744 768 832 832 servi
854 765 1174 850 Carthaginiensium
1196 767 1277 832 facti.

99 868 132 917 16
151 856 255 940 pretio
286 856 424 918 redituri
455 854 532 918 estis
563 874 612 938 eo,
642 853 730 918 unde
756 853 887 937 ignavia
912 874 951 916 ac
971 855 1120 939 nequitia
1142 853 1277 918 abistis?

152 942 186 1004 P.
219 940 456 1027 Sempronium,
487 941 593 1004 civem
616 948 771 1020 vestrum,
796 961 861 1004 non
887 938 1023 1002 audistis
1050 961 1143 1004 arma
1164 961 1279 1026 capere

100 1043 131 1090 tt
152 1049 190 1092 ac
212 1030 305 1113 sequi
328 1049 363 1091 se
385 1025 567 1090 iubentem:
583 1025 803 1090 Hannibalem
817 1035 893 1111 post
907 1023 1005 1111 paulo
1021 1025 1160 1091 audistis
1176 1036 1280 1091 castra

151 1113 246 1198 prodi
270 1123 303 1177 et
325 1135 415 1176 arma
437 1112 522 1176 tradi
540 1111 717 1177 iubentem.
733 1133 930 1199 quamquam
946 1111 1022 1199 quid
1040 1133 1102 1194 ego
1118 1113 1279 1196 ignaviam

151 1202 284 1264 istorum
316 1220 446 1280 accuso,
478 1221 551 1263 cum
583 1197 690 1263 scelus
723 1200 844 1284 possim
876 1197 1054 1262 accusare?
1087 1219 1154 1261 non
1181 1199 1277 1263 modo

153 1287 238 1351 enim
270 1286 363 1371 sequi
394 1295 588 1349 recusarunt
617 1284 701 1349 bene
733 1293 929 1367 monentem,
961 1283 1020 1347 sed
1053 1284 1217 1349 obsistere
1244 1305 1280 1347 ac

149 1373 290 1436 retinere
313 1372 420 1434 conati
442 1381 527 1453 sunt,
550 1371 583 1433 ni
605 1372 725 1435 strictis
748 1370 865 1455 gladiis
887 1371 950 1433 viri
971 1369 1140 1433 fortissimi
1160 1371 1279 1442 inertes

151 1457 400 1522 submovissent.
416 1457 517 1541 prius,
533 1458 675 1543 inquam,
691 1457 728 1520 P.
745 1457 937 1541 Sempronio
953 1477 1014 1542 per
1028 1456 1148 1520 civium
1166 1478 1280 1541 agmen

99 1557 132 1605 18
152 1565 249 1629 quam
276 1564 336 1628 per
358 1543 498 1607 hostium
520 1542 581 1606 fuit
603 1565 694 1606 erum
719 1543 849 1608 endum.
873 1542 934 1606 hos
957 1543 1045 1606 cives
1068 1544 1176 1626 patria
1199 1543 1279 1609 desi·

151 1633 254 1712 deret,
285 1650 423 1715 quorum
446 1630 473 1693 si
496 1630 596 1694 ceteri
618 1566 739 1694 similds
760 1629 906 1711 fuissent,
928 1629 1090 1692 neminem
1112 1627 1215 1693 hodie
1239 1650 1279 1694 ex

99 1718 198 1798 reiis,
223 1716 279 1800 qui
301 1714 343 1778 ad
367 1714 494 1780 Cannas
517 1725 755 1800 pugnaverunt,
779 1715 883 1780 civem
907 1711 1070 1778 haberet?
1092 1736 1135 1778 ex
1151 1713 1280 1780 milibus

151 1814 276 1887 septem
287 1811 482 1864 armatorum
494 1803 639 1865 sexcenti
650 1803 853 1880 exstiterunt,
865 1803 921 1886 qui
931 1821 1103 1885 erumpere
1113 1802 1281 1882 auderent,

151 1890 207 1973 qui
233 1889 267 1951 in
289 1889 427 1973 patriam
449 1884 544 1950 liberi
567 1897 665 1972 atque
688 1889 804 1951 armati
824 1889 980 1968 redirent,
1001 1908 1111 1971 neque
1134 1885 1185 1950 his
1208 1910 1280 1952 sex·

97 1989 133 2037 20
151 1974 252 2038 centis
273 1972 385 2037 hostes
408 1971 578 2036 obstitere:
596 1995 694 2058 quam
708 1983 816 2038 tutum
830 1975 893 2038 iter
908 1973 1045 2037 duarum
1061 1993 1165 2058 prope
1180 1970 1280 2058 legio·

151 2082 227 2123 num
252 2059 372 2142 agmini
394 2056 538 2122 futurum
562 2060 701 2122 censetis
723 2059 847 2125 fuisse?
869 2058 1035 2123 haberetis
1050 2057 1150 2123 hodie
1166 2060 1280 2143 viginti

151 2143 238 2208 milia
273 2154 473 2209 armatorum
507 2143 641 2210 Canusii
675 2145 774 2210 fortia
805 2145 924 2227 fidelia,
952 2153 1064 2231 patres
1092 2147 1279 2231 conscripti.

150 2252 234 2295 nunc
264 2240 373 2295 autem
405 2252 503 2317 quem
533 2231 577 2294 ad
607 2231 741 2296 modum
771 2232 806 2295 hi
831 2230 908 2297 honi
934 2230 1116 2317 fidelesque
1141 2266 1187 2278 —
1208 2231 1281 2296 nam

97 2329 129 2377 21
149 2316 249 2382 fortes
280 2338 323 2380 ne
350 2318 414 2403 ipsi
443 2317 578 2403 quidem
601 2318 743 2382 dixerint
764 2354 808 2364 —
830 2321 919 2383 cives
943 2339 1015 2382 esse
1037 2315 1199 2404 possunt?
1222 2318 1281 2383 nisi

150 2405 221 2489 quis
244 2404 379 2468 credere
401 2413 510 2488 potest
532 2413 589 2468 aut
610 2403 730 2469 favisse
752 2403 1007 2490 erumpentibus,
1030 2403 1096 2490 qui,
1119 2424 1163 2468 ne
1178 2426 1281 2469 erum·

150 2503 274 2576 perent,
312 2490 473 2554 obsistere
505 2491 611 2554 conati
642 2500 725 2574 sunt,
758 2500 813 2554 aut
843 2513 908 2556 non
938 2490 1087 2554 invidere
1118 2511 1177 2554 eos
1212 2506 1282 2552 eum

150 2575 361 2641 incolumitati
391 2586 462 2641 tum
493 2575 617 2660 gloriae
644 2576 772 2641 illorum
802 2599 862 2662 per
883 2577 1035 2641 virtutem
1059 2584 1198 2660 partae„
1212 2594 1283 2638 cum

147 2663 208 2729 sibi
240 2664 389 2728 timo'rem
426 2664 650 2745 ignaviamque
688 2662 850 2725 servitutis
884 2659 1115 2743 ignominiosae
1153 2679 1283 2725 causam

97 2760 131 2807 aa
148 2770 217 2813 esse
236 2750 347 2814 sciant.
369 2749 552 2813 maluerunt
570 2750 604 2811 in
622 2748 769 2812 tentoriis
788 2746 928 2811 latentes
948 2745 1043 2810 simul
1060 2744 1167 2824 lucem
1187 2753 1286 2828 atque

151 2834 276 2899 hostem
308 2843 495 2918 expectare,
530 2855 604 2897 cum
636 2833 763 2900 silentio
795 2836 897 2900 noctis
930 2834 1122 2920 erumpendi
1152 2839 1281 2900 occasio

150 2927 245 2982 esset.
264 2927 317 3002 ,at
332 2919 374 2983 ad
390 2920 626 3004 erumpendum
642 2943 659 2984 e
676 2923 791 2985 castris
807 2922 909 2986 defuit
923 2923 1060 3002 animus,
1076 2920 1119 2984 ad
1142 2922 1281 2986 tutanda

95 3018 129 3068 ‘23
148 3005 275 3070 fortiter
307 3015 414 3070 castra
445 3007 588 3070 animum
619 3005 817 3091 habuerunt,
850 3009 920 3073 dies
946 3016 1126 3092 noctesque
1157 3007 1281 3095 aliquot

148 3091 272 3156 obsessi
293 3089 415 3156 vallum
438 3093 545 3175 armis,
569 3114 604 3156 se
626 3093 689 3177 ipsi
701 3095 795 3156 tutati
811 3093 896 3159 vallo
913 3104 1002 3176 sunt,
1018 3093 1151 3174 tandem
1167 3091 1280 3158 ultima

148 3178 218 3242 ausi
239 3178 402 3264 passique,
426 3199 498 3242 cum
521 3178 630 3242 omnia
646 3176 792 3243 subsidio
805 3182 892 3245 vitae
909 3181 1061 3247 deessent
1076 3178 1280 3266 adfectisque

147 3264 232 3328 fame
262 3263 387 3328 viribus
421 3285 513 3327 arma
543 3265 608 3328 iam
636 3267 796 3330 sustinere
821 3267 1006 3352 nequirent,
1030 3265 1280 3330 necessitatibus

54 3361 56 3365 '
146 3352 249 3434 magis
273 3350 420 3415 humanis
443 3370 539 3437 quarn
563 3353 660 3416 armis
682 3352 761 3416 victi
775 3353 880 3415 sunt.“
899 3362 970 3418 orto
987 3351 1056 3416 sole
1071 3350 1113 3415 ab
1128 3350 1280 3416 hostibus

93 3450 128 3498 24
146 3437 188 3500 ad
209 3435 332 3501 vellum
354 3457 537 3501 aceessum:
554 3447 628 3501 ante
644 3438 821 3502 secundam
837 3438 961 3516 horam,
977 3436 1099 3502 nullam
1114 3437 1280 3503 fortunam

93 3538 128 3586 ‘m
146 3523 330 3587 certaminis
354 3522 492 3608 experti,
515 3522 722 3588 tradiderunt
744 3546 835 3588 arma
858 3546 896 3590 ac
918 3546 954 3588 se
969 3525 1069 3610 ipsos.
1084 3523 1170 3588 haec
1185 3522 1279 3589 vobis

145 3610 281 3674 istorum
303 3631 364 3694 per
386 3608 522 3673 biduum
538 3607 652 3674 militia
666 3611 735 3675 fuit.
752 3634 826 3676 cum
841 3611 874 3674 in
889 3611 960 3679 acic
974 3620 1060 3675 stare
1075 3631 1114 3675 ae
1128 3630 1279 3695 pugnare

147 3694 310 3775 decuerat,
342 3694 375 3758 in
409 3702 515 3759 eastra
546 3695 746 3779 refugerunt3
776 3719 850 3761 cum
872 3718 932 3782 pro
954 3695 1042 3761 vallo
1065 3696 1278 3782 pugnandum

146 3789 225 3862 erat,
248 3790 357 3845 castra
377 3780 582 3845 tradiderunt
604 3802 711 3868 neque
732 3784 765 3857 in
785 3784 976 3869 sciensque
991 3784 1023 3846 in
1040 3783 1156 3846 castris
1171 3779 1279 3849 utiles.

84 3874 169 3929 acet
184 3887 251 3931 ,ros
272 3866 503 3935 redimamus?
527 3888 602 3934 cum
624 3890 796 3956 erumpere
819 3891 846 3939 e,
860 3870 974 3934 castris
991 3877 1130 3955 oportet,
1147 3875 1280 3934 cuncta·
