2738 4146
586 235 794 287 PRAEFATIO.

195 408 322 488 Quibus
347 408 497 473 omnibus
521 419 552 473 et
574 409 710 473 brevem
732 407 953 494 prolusionem
977 407 1018 472 de
1040 407 1079 471 T.
1102 405 1187 470 Livii
1203 410 1268 473 vita

92 505 125 560 et
147 497 275 578 scriptis
299 496 471 580 praemisi¹
500 507 533 558 et
554 495 693 557 indicem
717 494 973 578 geographicum
999 493 1171 577 diligenter
1194 493 1269 557 huic

92 582 224 645 editioni
240 581 520 644 accommodatum
536 581 656 643 addidi.
677 579 820 643 Tabulas
836 590 944 643 autem
968 579 1205 664 geographicas
1230 580 1268 643 eo

91 667 199 731 indice
214 668 361 752 inspecto
378 666 479 730 lulius
495 666 588 749 Iung,
612 667 662 731 vir
678 666 891 747 doctissimus,
909 664 1117 729 delineandas
1134 667 1267 730 curavit.

192 752 263 815 Iam
294 774 373 816 vero
407 753 440 817 in
470 762 563 816 textu
596 752 763 836 scriptoris
798 751 996 815 recensendo
1030 751 1162 815 easdem
1200 751 1269 815 fere

90 838 233 902 rationes
256 848 387 902 secutus
420 860 501 919 sum,
534 858 613 921 quas
644 838 675 900 in
699 838 839 901 editione
862 838 989 920 integra
1011 837 1179 921 exposui,²
1208 838 1268 900 nisi

92 924 179 1004 quod
202 924 365 987 interdum
388 924 420 985 in
442 922 523 986 loeis
547 924 643 986 etiam
665 945 751 986 nune
773 922 870 985 valde
894 922 1000 987 dubiis
1024 932 1079 986 aut
1093 924 1138 985 ita
1154 923 1269 1007 depra-

89 1010 183 1090 vatis,
205 1019 242 1072 ut
265 1009 305 1073 de
329 1019 418 1072 certa
437 1009 662 1072 emendatione
678 1010 771 1094 quasi
786 1010 987 1094 desperetur,
1012 1031 1081 1072 eam
1098 1008 1268 1072 lectionem

45 1107 49 1117 ’
91 1093 143 1157 vel
166 1097 382 1158 coniecturam
405 1095 437 1156 in
460 1095 520 1157 hac
536 1095 677 1157 editione
693 1093 940 1178 praeferendam
958 1117 1029 1158 esse
1046 1096 1166 1179 putavi,
1186 1116 1269 1178 quac

93 1201 113 1241 a
136 1179 304 1264 discipulis
326 1179 453 1243 facilius
475 1178 727 1264 intellegeretur.
738 1181 750 1217 ³
781 1179 934 1244 Ceterum
957 1181 1055 1244 etiam
1079 1180 1132 1243 hie
1155 1179 1267 1244 recen-

91 1266 214 1328 tissima
237 1287 395 1350 quaeque,
428 1267 454 1329 si
476 1266 681 1350 respicienda
702 1265 906 1344 videbantur,
939 1266 971 1330 in
993 1288 1087 1329 usum
1119 1267 1269 1329 editionis

91 1371 251 1414 conversa
272 1353 419 1415 invenies
443 1360 476 1414 et
497 1351 651 1414 nonnulla
682 1374 724 1414 ex
750 1353 830 1416 meis
854 1351 973 1414 addita.
1012 1350 1122 1434 Atque
1153 1353 1186 1414 in
1219 1375 1269 1416 re-

93 1437 328 1520 cognoscendis
362 1439 401 1500 iis
433 1435 534 1516 libris,
570 1437 684 1522 quiin
711 1459 784 1500 mea
813 1437 954 1501 editione
976 1438 1102 1519 integra
1125 1439 1267 1501 nondum

78 1523 294 1606 prodierunt,
327 1523 423 1585 etiam
450 1522 607 1586 editiones
630 1522 701 1585 illas
724 1533 861 1596 veteres
895 1523 936 1585 de
970 1523 1087 1608 quibus
1119 1523 1151 1586 in
1179 1535 1270 1608 parte

90 1610 186 1672 tertia
209 1608 255 1693 (p.
278 1605 326 1693 Il)
349 1607 478 1672 locutus
502 1632 584 1690 sum,
608 1619 759 1672 accurate
783 1610 977 1687 examinavi,
999 1611 1030 1671 in
1056 1611 1172 1673 ceteris
1197 1632 1271 1674 eon-

91 1693 162 1757 silia
183 1696 330 1757 virorum
364 1695 535 1758 doctorum
568 1705 697 1758 secutus
731 1717 812 1776 sum,
847 1697 902 1779 qui
936 1696 976 1758 de
1008 1717 1047 1758 ea
1078 1705 1171 1780 parte
1202 1706 1269 1759 tam

90 1777 250 1845 benevole
292 1781 525 1845 iudicaverunt.
570 1779 780 1844 Uncinorum
806 1791 923 1862 autem,
963 1803 1044 1866 quos
1083 1782 1202 1861 dieunt,
1239 1795 1272 1845 et

92 1874 243 1950 typorum
256 1868 420 1931 veriorum
437 1888 530 1928 usum
548 1865 695 1931 hocloco
720 1866 906 1930 evitandum
922 1867 1031 1946 fuisse,
1047 1869 1271 1953 unusquisque

91 1950 187 2015 facile
222 1953 387 2016 concedet.
434 1949 499 2014 Sed
534 1951 575 2014 de
609 1952 659 2014 his
690 1951 789 2015 rebus
813 1974 851 2015 ae
874 1952 1031 2016 similibus
1055 1953 1270 2038 appendicem
1322 2008 1324 2010 ,

92 2038 235 2100 criticam
272 2037 426 2122 inspicias
463 2037 496 2101 in
533 2037 598 2100 fine
637 2037 786 2122 opusculi
830 2040 979 2124 positam.
1027 2037 1272 2122 Orthographia

90 2121 240 2208 denique,
275 2145 359 2208 quae
388 2123 515 2203 dicitur,
549 2124 662 2187 eadem
695 2133 753 2201 est,
789 2146 886 2208 quam
917 2125 950 2188 in
983 2125 1124 2188 editione
1146 2126 1272 2208 integra

88 2229 206 2292 magno
240 2231 312 2273 eum
345 2207 457 2272 labore
490 2209 641 2273 constitui
672 2231 710 2272 ac
744 2218 930 2274 constanter
960 2211 1127 2292 servavi34
1164 2233 1270 2297 neque

192 2396 256 2447 ¹Ut
274 2397 307 2447 de
325 2399 382 2448 eius
401 2397 510 2447 consilio
529 2398 597 2448 bene
625 2397 770 2462 ponderato
797 2403 868 2448 recte
895 2398 996 2448 iudices
1015 2399 1047 2448 cf.
1066 2401 1189 2451 Instruet.
1208 2400 1225 2450 l.
1244 2416 1266 2452 c.

87 2497 113 2546 p.
132 2483 164 2532 'lb
183 2487 210 2532 et
227 2483 308 2532 libros
327 2484 446 2546 Hauleri,
464 2484 577 2547 Kozioli,
595 2483 731 2548 Schultzii,
750 2484 796 2549 qui
814 2484 950 2550 discipulis
968 2487 1049 2534 vitam
1062 2487 1092 2536 Τ.
1105 2487 1176 2535 Livii
1188 2486 1272 2536 latine

87 2568 308 2633 interpretandam
326 2576 483 2633 proponunt.

193 2653 287 2703 ²Pars
305 2655 353 2717 III,
372 2670 397 2718 p.
415 2655 468 2718 1113
493 2669 554 2719 pars
576 2654 621 2716 IV,
643 2670 668 2718 p.
691 2654 738 2705 v1.
773 2658 815 2706 De
841 2657 941 2722 primae
968 2656 1074 2706 decadis
1096 2656 1169 2707 libris
1191 2673 1271 2707 manu

89 2741 193 2805 seriptis
211 2756 271 2789 cum
289 2755 371 2804 prope
389 2740 458 2790 diem
477 2743 504 2789 in
522 2739 605 2804 primo
625 2740 747 2791 editionis
759 2743 865 2791 maioris
884 2742 1018 2791 volumine
1031 2743 1122 2804 paucis
1135 2745 1170 2790 sit
1182 2741 1270 2808 dispu-

86 2826 204 2891 tandum,
222 2825 273 2876 hoc
290 2825 349 2876 loeo
368 2825 396 2874 id
413 2832 522 2889 tantum,
541 2832 571 2876 ut
582 2828 672 2877 omnia
683 2832 753 2878 recte
766 2827 960 2890 intellegantur,
973 2826 1197 2891 praemonendum
1213 2845 1271 2880 esse

86 2912 199 2972 videtur,
216 2927 304 2962 meum
323 2912 356 2961 de
374 2912 465 2962 codiee
483 2913 511 2962 M
529 2913 656 2962 iudicium
674 2912 744 2962 idem
762 2913 817 2963 fere
835 2929 901 2976 esse,
921 2912 991 2977 quod
1009 2926 1094 2977 nuper
1112 2913 1191 2962 etiam
1203 2914 1237 2963 H.
1250 2916 1270 2964 Ι.

89 2998 202 3049 Mueller
219 2999 282 3048 feeit
300 2998 381 3066 (Edit.
401 2999 599 3049 Weissenborn.
618 3000 639 3049 1.
657 2999 745 3050 Berol.
765 3001 831 3050 1885
850 3016 875 3064 p.
894 3000 951 3065 VI).

191 3083 202 3118 ³
220 3083 259 3136 Of.
279 3100 347 3149 quae
363 3099 395 3136 ea
409 3084 441 3135 de
456 3101 485 3135 rs
497 3084 550 3134 dixi
563 3085 688 3135 Zeitschr.
708 3085 725 3135 Ι.
744 3085 769 3135 d.
788 3086 937 3136 osterreich.
951 3085 1076 3151 Gymnas.
1095 3087 1162 3136 1885
1174 3104 1198 3152 p.
1209 3089 1268 3138 830.

189 3167 201 3201 ⁴
219 3169 257 3220 (if.
276 3170 306 3220 P.
326 3170 371 3235 IV,
389 3188 414 3236 p.
433 3171 497 3221 VII:
520 3171 576 3224 .De
593 3172 672 3221 rebus
691 3172 898 3237 orthographicis
916 3172 944 3222 id
961 3174 1073 3238 primum
1086 3189 1271 3228 commemoro.

85 3256 215 3321 quasdam
233 3255 313 3305 huius
331 3258 443 3321 generis,
462 3272 529 3322 quae
547 3258 625 3308 facile
644 3259 756 3322 quisque
774 3257 882 3322 videbit,
900 3259 993 3308 harum
1013 3260 1157 3309 editionum
1168 3259 1271 3323 legibus

84 3342 150 3391 mihi
169 3358 227 3392 esse
245 3344 417 3407 praescripta3
445 3344 491 3394 sed
509 3344 537 3392 in
555 3344 643 3408 rebus,
671 3359 739 3409 quae
762 3349 824 3395 sunt
841 3346 948 3395 maioris
966 3348 1100 3408 momenti,
1127 3346 1270 3411 aequabili-

87 3432 168 3478 tatem
185 3426 267 3490 illam,
295 3443 374 3493 quam
392 3429 508 3479 nuncin
526 3429 599 3478 libris
624 3429 772 3479 scholarum
799 3431 828 3480 in
850 3446 926 3480 usum
947 3431 1023 3480 editis
1044 3433 1101 3481 iure
1124 3431 1272 3481 desiderant

87 3513 122 3564 H.
140 3513 161 3563 1.
180 3513 300 3577 Mueller,
318 3514 351 3563 E.
369 3514 451 3578 Krah,
472 3515 526 3577 alii,
544 3517 582 3564 ita
594 3517 732 3565 restituere
745 3520 855 3566 conatus
868 3532 935 3578 sum,
947 3522 978 3566 ut
989 3516 1087 3566 tabulis
1101 3533 1132 3566 ex
1145 3523 1272 3581 apparatu

88 3599 178 3650 critico
198 3600 354 3663 optimamm
374 3600 517 3649 editionum
537 3600 668 3651 confectis
688 3602 898 3666 comparatisque
926 3601 985 3650 aliis
1013 3601 1045 3651 de
1067 3603 1117 3652 hae
1134 3618 1163 3651 re
1184 3617 1272 3652 recen-

88 3689 183 3737 tiorum
202 3686 416 3749 inquisitionibus
435 3700 493 3735 eam
511 3687 540 3736 in
564 3686 675 3751 singulis
693 3687 781 3735 verbis
799 3687 945 3738 scribendis
968 3689 1096 3737 rationem
1122 3694 1272 3738 constanter

80 3786 190 3820 servare
223 3771 364 3835 studerem,
395 3786 474 3836 quam
507 3773 534 3821 in
562 3777 651 3822 nostro
682 3788 761 3837 opere
791 3773 875 3822 maior
904 3775 1061 3838 optimorum
1092 3775 1270 3839 exemplorum

81 3861 193 3895 umerus
211 3855 404 3904 commendare
424 3857 592 3912 videbatur.“
632 3857 671 3910 Cf.
697 3862 836 3925 praeterea
860 3873 930 3925 quae
951 3859 1043 3909 addidi
1067 3859 1195 3909 Zeitschr.
1211 3861 1230 3911 t.
1247 3860 1272 3910 d.

81 3921 201 3974 ‘⁰¹⁷⁰s0l11
225 3931 358 3993 Gymnas.
380 3943 454 3993 1884
470 3961 500 4010 ρ.
521 3948 576 3998 504
602 3953 630 4000 et
652 3963 725 4016 quae
744 3947 820 3998 hanc
838 3947 973 3997 rationem
987 3944 1107 3994 laudans
1124 3942 1192 3990 diist
1209 3943 1240 3990 h.
1251 3943 1289 3991 iia
