2738 4146
135 96 195 150 rto
406 99 515 146 mauu
533 99 617 146 xxu.
638 99 713 146 cir.
734 101 774 148 14.
794 78 834 147 ia
854 100 888 164 [a.
906 99 938 147 U.
958 113 980 147 ο.
999 97 1067 163 aaa.

182 292 234 334 res
268 278 363 352 esset,
402 268 490 332 haud
526 268 624 332 dubie
661 267 809 332 ferebant
840 269 1018 332 Minucium
1056 268 1159 332 Fabio
1199 268 1320 331 ducem

182 355 398 441 praelaturos.
745 386 748 391 ,

86 494 119 508 v
148 459 161 505 1
285 440 359 503 XV.
384 440 516 515 Fabius,
534 441 704 525 pariteriu
721 462 795 503 suos
812 439 898 502 haud
915 440 1020 502 minus
1037 440 1183 525 quamin
1200 439 1317 504 hostes

78 520 105 536 “
182 527 335 606 intentus,
369 528 457 611 prius
490 527 531 589 ab
564 526 627 588 illis
661 527 816 589 invictum
850 526 990 588 animum
1021 534 1177 610 praestat.
1203 548 1317 610 quam·

182 635 279 697 quam
313 612 416 697 probe
450 615 510 676 scit
532 633 596 675 uon
624 613 656 674 in
680 614 794 675 castris
818 611 915 675 modo
940 613 1017 692 suis,
1043 611 1100 674 sed
1124 612 1190 674 iam
1214 612 1315 675 etiam

182 699 305 762 Itomae
329 698 481 761 infamem
505 720 597 762 suam
621 699 857 761 cunctationem
881 719 960 768 esse,
995 696 1180 761 obst-inatus
1205 707 1316 762 tamen

147 794 293 847 atenore
329 785 446 848 eodem
484 784 692 847 consiliorum
728 785 859 855 aestatis
894 782 1056 867 reliquum
1091 784 1245 864 extraxit,
1280 793 1317 847 ut

183 868 346 932 Hannibal
369 870 542 933 destitutus
567 870 607 932 ab
632 892 690 953 spe
714 893 839 933 summa
856 891 917 954 ope
933 870 1028 952 petiti
1046 870 1231 932 certaminis
1249 871 1313 933 iam

182 954 325 1020 hibernis
342 955 448 1018 locum
464 956 763 1039 circumspectaret,
781 957 856 1041 quia
880 977 918 1018 ea
933 956 1023 1038 regio
1041 957 1224 1039 praesentis
1242 968 1313 1019 erat

150 1059 163 1106 3
182 1043 305 1125 copiae,
334 1063 397 1104 non
425 1052 610 1125 perpetuae,
639 1041 772 1104 arbusta
794 1043 974 1126 vineaeque
997 1051 1030 1104 et
1053 1041 1179 1104 consita
1204 1042 1315 1104 omnia

168 1129 284 1210 ¹magis
317 1128 460 1191 amoenis
484 1150 578 1212 quam
603 1128 793 1191 necessariis
817 1127 985 1190 fructibus
1010 1127 1092 1191 baec
1113 1149 1173 1211 per
1197 1127 1311 1210 explo-

181 1224 305 1276 ratores
329 1213 431 1276 relata
453 1213 567 1277 Fabio.
593 1235 665 1276 cum
689 1215 766 1276 satis
790 1215 888 1277 sciret
907 1236 967 1298 per
983 1213 1116 1276 easdem
1134 1214 1313 1292 angustias,

182 1299 299 1384 quibus
331 1300 507 1363 intraverat
536 1298 710 1363 Falernum
743 1321 865 1382 agrum,
894 1299 1085 1379 rediturum,
1117 1297 1312 1363 Calliculam

180 1396 323 1449 montem
347 1394 379 1449 et
402 1383 578 1450 Casilinum
602 1396 738 1466 occupat
760 1385 895 1449 modicis
919 1386 1098 1468 praesidiis,
1125 1406 1210 1468 quae
1233 1385 1314 1450 urbs

180 1469 341 1534 Vulturno
358 1469 490 1534 flumine
507 1471 667 1555 dirempta
682 1469 859 1535 Falernum
876 1493 896 1534 a
911 1469 1078 1556 Campano
1089 1490 1168 1553 agro
1181 1471 1312 1551 dividit3

180 1557 251 1641 ipse
279 1557 363 1639 iugis
385 1557 502 1620 iisdem
525 1557 704 1621 exercitum
728 1557 857 1621 reducit
881 1557 980 1620 misso
1005 1555 1216 1641 exploratum
1239 1578 1313 1621 cunr

148 1642 425 1728 tquadriugentis
448 1643 610 1728 equitibus
639 1639 801 1707 sociorum
823 1642 861 1706 L.
886 1642 1029 1707 Hostilio
1054 1642 1217 1706 Mancino.
1243 1644 1309 1729 qui,

143 1748 159 1796 5
181 1750 223 1792 ex
245 1728 341 1792 turba
368 1731 520 1792 iuvenum
544 1729 740 1793 audientium
770 1751 869 1813 saepe
891 1728 1044 1792 ferociter
1067 1729 1308 1794 contionantem

181 1815 370 1897 magistrum
395 1816 550 1898 equitum,
574 1837 768 1898 progressus
791 1818 896 1900 primo
915 1814 1131 1900 exploratoris
1147 1815 1259 1893 modo,
1276 1826 1312 1880 ut

181 1921 223 1963 ex
254 1910 323 1963 tuto
356 1900 578 1985 specularetur
610 1901 748 1981 hostem,
780 1899 836 1964 ubi
864 1922 965 1984 vagos
990 1901 1110 1984 passim
1133 1921 1195 1985 per
1220 1902 1311 1965 vicos

178 1985 336 2049 Numidas
358 1987 526 2070 prospexit
549 2009 587 2049 ac
609 2008 669 2069 per
691 1987 894 2050 occasionem
917 1987 1014 2051 etiam
1034 2007 1158 2071 paucos
1180 1986 1309 2063 occidit,

143 2094 159 2142 e
179 2070 344 2157 extemplo
355 2080 532 2156 occupatus
544 2073 716 2136 certamine
733 2081 782 2136 est
797 2072 932 2153 animus,
946 2072 1205 2156 excideruntque
1215 2095 1310 2158 prae-

179 2168 275 2244 cepta
291 2158 468 2237 dictatoris,
493 2159 558 2243 qui,
582 2168 738 2242 quantum
758 2166 830 2222 tuto
851 2168 972 2243 posset,
993 2178 1205 2243 progressum
1222 2160 1311 2244 prius

178 2244 324 2328 recipere
348 2265 420 2307 sese
441 2245 588 2326 iusserat,
613 2266 710 2328 quam
733 2245 765 2306 in
789 2254 998 2328 conspectum
1014 2243 1156 2308 hostiurn
1173 2245 1310 2310 veniret.

138 2353 153 2401 r
179 2329 338 2394 Numidae
361 2328 415 2392 alii
437 2340 535 2415 atquc
559 2329 611 2393 alii
635 2339 843 2394 occursantes
866 2329 1129 2414 refugientesque
1145 2330 1186 2393 ad
1204 2340 1311 2395 castra

179 2438 282 2500 prope
314 2417 385 2502 ipsa
417 2439 491 2480 eum
524 2438 596 2479 cum
627 2416 814 2501 fatigatione
838 2438 996 2501 equorum
1019 2426 1118 2500 atque
1140 2414 1310 2481 homiuum

140 2531 153 2572 ο
178 2512 376 2587 pertraxere.
417 2503 492 2566 inde
521 2499 686 2583 Carthalo,
722 2523 822 2586 penes
857 2523 954 2587 quem
989 2523 1116 2566 summa
1150 2504 1311 2588 equestris

177 2589 307 2672 imperii
330 2597 408 2672 erat,
433 2589 602 2652 concitatis
626 2589 718 2673 equis
741 2589 900 2661 invectus,
925 2609 998 2651 cum
1020 2589 1122 2672 prius,
1146 2610 1247 2674 quam
1270 2588 1309 2652 ad

178 2674 362 2737 coniectum
378 2672 434 2738 teli
457 2673 591 2756 reniret,
615 2674 788 2737 avertisset
802 2673 922 2757 hostes,
963 2675 1083 2758 uinque
1100 2673 1205 2738 ferme
1220 2673 1311 2739 milia

140 2784 156 2830 9
178 2760 354 2822 continenti
382 2782 477 2824 cursu
500 2768 630 2823 secutus
654 2769 704 2823 est
725 2759 896 2842 fugientes.
967 2761 1111 2842 aucinus,
1136 2769 1309 2845 postquam

176 2866 237 2907 nec
268 2844 395 2909 hostem
424 2845 579 2909 desistere
609 2847 784 2931 sequinec
806 2867 897 2931 spem
923 2846 1003 2908 vidit
1026 2845 1203 2927 effugiendi
1228 2840 1311 2930 esse,

179 2930 366 2993 cohortatus
389 2951 464 2995 suos
487 2931 519 2993 in
541 2929 701 3015 proelium
723 2932 821 2996 rediit
847 2933 933 2994 omni
948 2940 1042 3017 parte
1058 2931 1177 2994 virium
1192 2932 1309 3017 impar.

136 3017 288 3101 scitaque
309 3018 381 3102 ipse
404 3026 437 3080 et
453 3015 571 3080 delecti
587 3018 732 3102 equitum
748 3019 960 3081 circumventi
978 3016 1188 3099 occiduntur3
1206 3019 1307 3084 ceteri

178 3102 280 3166 effuso
314 3125 409 3166 cursu
442 3100 536 3166 Cales
568 3103 718 3186 primum,
751 3105 827 3168 inde
854 3125 958 3188 prope
980 3104 1076 3167 inviis
1099 3101 1245 3169 callibus
1263 3104 1305 3168 ad

179 3188 371 3253 dictatorem
394 3188 616 3274 perfugerunt·

127 3288 159 3336 11
280 3274 329 3338 Εο
352 3274 438 3340 forte
462 3274 514 3338 die
531 3274 693 3339 Minucius
716 3296 751 3337 se
768 3275 981 3338 coniunxerat
995 3273 1110 3358 Fabio,
1132 3275 1254 3342 missus
1270 3276 1309 3341 sd

103 3357 104 3360 ’
177 3359 371 3425 firmandum
394 3361 557 3446 praesidio
582 3359 709 3441 saltum,
733 3361 790 3445 qui
812 3383 911 3446 super
932 3360 1143 3425 Tarracinam
1165 3362 1200 3427 in
1223 3372 1310 3427 artas

178 3455 310 3510 coactus
332 3446 441 3511 fauces
465 3447 611 3511 imminet
633 3447 724 3527 mari,
748 3468 789 3511 ne
806 3446 846 3510 ab
862 3445 1016 3511 Sinuessa
1032 3446 1162 3512 Poenus
1178 3448 1309 3534 Appiae

126 3547 159 3595 12
177 3530 278 3595 limite
299 3533 470 3618 pervenire
490 3534 523 3596 in
538 3554 652 3616 agrum
669 3532 849 3596 Romanum
866 3542 987 3617 posset.
1012 3532 1191 3599 coniunctis
1215 3556 1308 3600 exer·

178 3617 294 3682 citibus
326 3618 466 3691 dictator
505 3640 543 3681 ac
585 3619 740 3703 magister
772 3621 915 3703 equitum
940 3629 1046 3683 castra
1079 3618 1113 3682 in
1144 3621 1234 3685 viam
1257 3621 1309 3687 de·

176 3704 293 3853 fqmnt,
322 3727 388 3790 qua
410 3703 574 3767 Hannibal
604 3705 760 3768 ducturus
785 3714 863 3767 erat.
898 3704 961 3769 duo
986 3705 1062 3768 inde
1084 3703 1176 3770 milia
1198 3706 1308 3773 hoster

177 3811 197 3852 a
221 3800 320 3854 eraut.
