2738 4146
372 139 483 190 amun
499 139 534 188 11.
553 138 629 188 cae.
649 143 673 190 a.
692 143 716 189 a.
736 138 771 206 [a.
789 140 823 190 u.
842 157 864 190 e.
882 140 951 208 2451.
1237 128 1277 186 55

98 316 172 379 stris
196 312 316 395 gradus
339 310 431 373 lectis
454 309 495 372 ad
518 318 739 373 trecentorum
761 332 921 374 summam
944 310 1103 395 explevit3
1131 312 1227 376 tradi·

96 413 231 485 tumque
254 398 330 461 inde
352 396 464 473 fertur,
499 405 536 458 ut
566 396 599 458 in
627 405 775 459 senatum
805 406 1006 477 vocarentur,
1035 400 1090 483 qui
1118 409 1227 484 patres
1237 418 1269 466 11

98 489 219 572 quique
243 483 416 564 conscripti
440 491 560 545 essent:
585 483 796 567 conscriptos,
819 480 972 546 videlicet
993 506 1114 547 novum
1137 507 1228 549 sena-

95 584 175 644 tum,
200 568 409 656 appellabant
429 567 541 632 lectos.
563 566 596 630 id
618 569 736 631 mirum
763 577 918 653 quantum
945 568 1066 653 profuit
1088 570 1130 633 ad
1153 591 1228 634 oon-

97 660 242 722 cordiam
265 656 404 719 civitatis
426 652 674 739 iungendosque
696 653 844 739 patribus
866 653 970 739 plebis
994 656 1127 719 animos.

198 742 242 805 H.
266 741 387 804 Rerum
405 739 522 803 deinde
539 739 720 802 divinarum
741 739 959 821 habita‘oura3
984 750 1016 804 et
1032 742 1109 827 quia
1131 764 1228 827 quae·
1249 762 1263 810 1

96 831 173 892 dam
200 826 332 912 publica
359 848 452 889 sacra
477 848 538 910 per
563 825 651 911 ipsos
678 847 772 908 reges
804 825 950 889 factitata
977 837 1077 906 erant,
1109 828 1228 892 necubi

95 937 209 998 regum
240 913 437 976 desiderium
466 921 560 991 esset,
583 933 694 994 regem
724 911 939 975 sacrificulum
968 923 1088 976 creant.
1117 913 1151 977 id
1178 936 1228 978 sa·

96 1000 275 1065 cerdotium
291 997 435 1083 pontifici
451 996 630 1076 subiecere,
645 1019 687 1060 ne
702 998 832 1061 additus
847 999 969 1061 nomini
984 998 1086 1063 honos
1104 998 1226 1085 aliquid
1248 1020 1264 1068 2

95 1087 249 1160 libertati,
274 1085 363 1147 ouius
386 1093 464 1147 tunc
478 1084 584 1168 prima
606 1093 677 1147 erat
700 1105 786 1163 cura,
808 1083 963 1148 officeret.
992 1106 1030 1148 ac
1052 1087 1162 1149 nescio
1186 1107 1227 1150 an

95 1174 191 1237 nimis
214 1171 358 1256 undique
382 1192 452 1233 eam
476 1169 681 1254 minimisque
703 1169 802 1232 rebus
816 1170 992 1233 muniendo
1015 1171 1149 1234 modum
1172 1192 1227 1234 ex·

96 1259 263 1324 cesserint.
289 1255 429 1320 consulis
454 1257 538 1319 enim
558 1253 701 1335 alterius,
726 1278 799 1319 cum
821 1254 903 1318 nihil
925 1254 1012 1320 aliud
1037 1256 1226 1337 offenderet,

94 1366 213 1409 nomen
239 1343 378 1406 invisum
406 1343 528 1405 civitati
554 1341 627 1404 fuit:
660 1342 794 1404 nimium
821 1340 1014 1427 Tarquinios
1041 1351 1147 1423 reguo
1171 1344 1226 1406 ad·

95 1449 222 1507 suesse3
246 1429 371 1491 initium
396 1449 414 1490 a
429 1427 543 1490 Prisco
565 1428 700 1504 factum3
723 1449 879 1511 regnasse
895 1428 968 1492 dein
985 1426 1054 1492 Ser.
1070 1427 1262 1509 Tullium3'3

94 1540 136 1581 ne
164 1513 334 1579 intervallo
364 1513 497 1598 quidem
523 1513 608 1576 facto
638 1512 784 1593 oblitum,
806 1523 973 1599 tamquam
1005 1512 1110 1593 alieni,
1133 1517 1226 1599 regni

95 1601 280 1687 Superbum
303 1600 515 1685 Tarquinium
545 1597 636 1663 velut
665 1598 879 1663 hereditatem
904 1601 1009 1684 gentis
1039 1600 1163 1664 scelere
1187 1623 1226 1666 ac

93 1691 128 1753 vi
143 1689 316 1772 repetisse,
332 1687 427 1772 pulso
445 1683 594 1770 Superbo
610 1707 713 1770 penes
729 1683 936 1749 Conlatinum
951 1686 1123 1768 imperium
1139 1709 1225 1768 essc3

93 1776 219 1838 nescire
235 1773 430 1858 Tarquinios
445 1772 591 1857 privatos
614 1773 734 1835 vivere.
757 1792 821 1834 non
836 1771 967 1857 placere
990 1793 1118 1857 nomen,
1140 1774 1225 1858 peri-

94 1861 240 1924 culosum
263 1858 407 1922 libertati
422 1880 502 1921 esse.
526 1856 580 1920 hic
596 1858 701 1942 primo
717 1858 836 1920 sensim
857 1858 1085 1942 temptantium
1100 1861 1224 1923 animos
1250 1882 1266 1928 4

93 1969 201 2011 sermo
224 1967 284 2030 per
297 1953 401 2008 totam
417 1944 578 2007 civitatem
595 1952 644 2007 est
660 1942 764 2024 datus,
789 1942 1025 2029 sollicitamque
1040 1945 1224 2028 suspicione

93 2031 226 2118 plebem
242 2031 362 2094 Brutus
385 2030 428 2093 ad
451 2031 632 2093 contionem
647 2039 752 2092 vocat.
776 2029 821 2092 ibi
845 2031 987 2093 omnium
1010 2030 1152 2114 primum
1174 2033 1223 2096 ius

92 2118 266 2182 iurandum
288 2114 402 2201 populi
422 2116 540 2179 recitat
554 2116 715 2178 nemiuem
738 2137 876 2199 regnare
891 2137 1046 2201 passuros
1068 2137 1129 2180 nec
1151 2139 1223 2181 esse
1245 2142 1260 2187 5

91 2207 225 2285 Romae,
247 2204 334 2266 uude
355 2200 535 2286 periculum
557 2200 700 2265 libertati
721 2199 815 2264 foret.
838 2201 872 2264 id
896 2224 1021 2265 summa
1043 2224 1106 2287 ope
1130 2211 1221 2266 tuen·

92 2292 171 2355 dum
194 2310 267 2354 esse
288 2309 396 2373 neque
418 2286 517 2351 ullam
539 2309 619 2369 rem,
643 2309 727 2373 quae
751 2309 788 2350 eo
815 2289 986 2373 pertineat,
1016 2298 1222 2353 contemnen-

93 2377 181 2440 dam.
206 2376 340 2438 invitum
358 2396 392 2437 se
410 2374 519 2437 dicere
534 2373 673 2437 hominis
685 2381 788 2436 'causa
802 2395 864 2437 nec
880 2373 1042 2436 dicturum
1063 2372 1174 2456 fuisse,
1190 2377 1223 2438 ni

91 2463 211 2527 caritas
227 2462 275 2525 rei
291 2459 443 2545 publicae
457 2461 619 2524 vinceret:
634 2481 698 2522 non
716 2459 852 2522 credere
868 2458 1023 2543 populum
1040 2459 1222 2524 Romanum

92 2547 228 2612 solidam
253 2546 436 2610 libertatem
459 2547 675 2630 reciperatam
699 2565 785 2624 esse;
808 2545 931 2627 regium
958 2567 1071 2628 genus,
1095 2547 1222 2630 regium
1242 2571 1257 2618 c

91 2656 208 2698 nomen
231 2655 296 2696 non
319 2631 424 2695 solum
445 2633 478 2695 in
503 2632 642 2712 civitate,
666 2630 839 2694 sedetiam
861 2632 894 2693 in
916 2631 1053 2715 imperio
1078 2652 1165 2713 esse3
1187 2633 1222 2696 id

91 2721 235 2799 officere,
258 2720 290 2781 id
309 2718 440 2781 obstare
456 2716 607 2780 libertati.
634 2715 739 2794 „hunc
754 2716 808 2780 tu“
825 2717 929 2800 inquit
953 2726 1028 2797 „tua
1041 2716 1220 2800 voluntate,

89 2808 127 2871 L.
157 2806 323 2891 Tarquini,
354 2826 487 2867 remove
515 2815 647 2868 metum.
679 2803 892 2882 meminimus,
924 2802 1073 2881 fatemur,
1098 2805 1255 2876 eiecisti7

88 2912 198 2976 reges3
224 2889 357 2954 absolve
380 2888 574 2953 beneficium
598 2899 700 2969 tuum,
723 2888 815 2951 aufer
837 2888 911 2952 hinc
940 2891 1066 2972 regium
1092 2913 1219 2955 nomen.

88 3002 142 3044 res
164 2989 237 3041 tuas
259 2976 320 3040 tibi
340 2997 406 3040 non
429 2975 534 3039 solum
556 2974 695 3039 reddent
723 2976 809 3039 cives
837 2977 883 3038 tui
910 2986 1041 3039 auctore
1063 2998 1125 3054 me,
1151 2978 1219 3058 sed,

89 3067 116 3128 si
140 3065 219 3150 quid
243 3063 343 3142 deest,
367 3061 518 3124 munifice
541 3061 715 3143 augebunt.
740 3063 861 3124 amicus
885 3061 953 3129 abi;
977 3083 1121 3126 exonera
1143 3065 1220 3126 civi·

89 3162 190 3215 tatem
217 3172 301 3213 vano
329 3148 462 3210 forsitan
489 3157 593 3212 metu:
627 3149 672 3210 ita
698 3168 889 3231 persuasum
917 3156 966 3210 est
993 3148 1117 3229 animis,
1146 3170 1220 3212 cum

88 3247 186 3322 gente
209 3236 384 3320 Tarquinia
405 3255 540 3317 regnum
564 3234 638 3297 hinc
661 3232 854 3296 abiturum.“
880 3232 1003 3296 consuli
1025 3236 1130 3318 primo
1153 3244 1219 3299 tarn
1245 3259 1259 3306 8

89 3344 196 3387 novae
228 3323 277 3386 rei
308 3342 347 3383 ac
379 3318 505 3383 subitae
538 3320 708 3382 admiratio
740 3318 917 3382 incluserat
949 3341 1077 3401 vocem;
1111 3320 1218 3384 dicere

89 3410 208 3473 deinde
234 3408 442 3491 incipientem
468 3408 626 3491 primores
658 3405 796 3469 civitatis
824 3405 1072 3485 circumsistunt,
1105 3407 1219 3471 eadem

87 3494 198 3560 multis
226 3494 378 3580 precibus
407 3502 509 3555 orant.
543 3501 575 3557 et
604 3492 704 3556 ceteri
731 3491 862 3575 quidem
891 3491 1067 3555 movebant
1098 3494 1252 3576 minus39

88 3592 261 3667 postquam
295 3578 350 3664 Sp.
378 3578 561 3659 Lucretius,
593 3578 695 3642 maior
725 3586 833 3640 aetate
861 3600 899 3641 ac
927 3577 1093 3661 dignitate,
1127 3601 1219 3644 socer

87 3679 260 3752 praeterea
282 3666 393 3749 ipsius,
418 3665 626 3748 agerevarie
653 3663 799 3746 rogando
825 3663 956 3727 alternis
985 3665 1220 3748 suadendoque

89 3755 205 3839 coepit,
228 3762 265 3816 ut
278 3752 365 3815 vinci
381 3772 416 3813 se
433 3773 592 3815 consensu
615 3750 753 3814 civitatis
769 3760 955 3834 pateretur,
965 3752 1094 3812 timeus
1109 3747 1249 3816 seuam,
1262 3765 1305 3806 xa

90 3861 128 3904 ue
151 3839 358 3926 postmodum
379 3838 509 3924 privato
533 3837 596 3905 sibi
622 3837 743 3906 eadem
764 3836 827 3904 illa
849 3861 932 3904 cum
950 3838 1140 3900 bonorum
1164 3826 1270 3885 anus·
