2738 4146
371 132 479 182 LIBER
496 133 516 182 1.
537 131 611 183 CAP.
631 136 671 186 32.
692 133 725 200 [a.
745 135 776 185 U.
796 151 818 184 c.
839 137 982 201 114-138]
1229 124 1267 180 29

94 320 208 384 nepos,
255 301 322 365 filia
353 313 451 379 ortus,
483 303 595 367 Ancus
627 304 771 368 Marcius
803 317 882 369 erat.
924 306 980 387 qui
1013 314 1049 369 ut
1080 314 1252 388 regnarea

95 387 215 470 coepit,
239 396 272 451 et
294 390 400 452 avitae
414 388 536 472 gloriae
560 412 694 467 memor,
719 399 751 453 et
767 392 842 474 quia
863 392 1047 475 proximum
1071 413 1217 474 regnum,

94 481 204 547 cetera
220 476 395 557 egregium,
417 473 459 538 ab
475 497 540 538 una
562 485 653 560 parte
675 475 763 538 haud
786 477 862 538 satis
886 496 1078 560 prosperum
1102 479 1218 558 tuerat,

94 568 152 621 aut
173 558 330 640 neglectis
352 559 562 644 religionibus
587 573 641 624 aut
663 583 764 645 prave
787 561 891 639 cultis,
915 560 1011 643 longe
1034 563 1217 647 antiquissi-

95 665 185 705 mum
204 655 293 708 ratus
309 667 401 709 sacra
414 644 554 730 publica,
579 657 615 708 ut
631 647 670 709 ab
688 647 795 710 Numa
811 649 956 709 instituta
972 657 1072 729 erant,
1097 648 1216 729 facere,

94 730 204 792 omnia
227 751 265 793 ea
288 753 330 794 ex
352 733 590 795 commentariis
613 733 698 815 regis
721 732 907 817 pontificem
924 734 957 795 in
981 731 1090 796 album
1114 731 1217 797 relata

93 836 279 898 proponere
300 817 333 879 in
355 816 486 902 publico
509 818 608 880 iubet.
641 817 716 881 inde
741 829 773 880 et
794 818 919 882 civibus
944 820 1000 881 otii
1033 819 1160 902 cupidis
1184 829 1216 882 et

94 900 239 965 finitimis
263 902 446 966 civitatibus
480 902 567 966 facta
589 925 665 989 spes
689 904 720 965 in
743 905 796 968 avi
819 925 926 966 mores
950 913 1046 988 atque
1070 906 1216 967 instituta

93 1008 207 1069 regem
230 987 401 1051 abiturum.
425 990 523 1072 igitur
545 989 663 1069 Latini,
696 1010 768 1052 eum
802 988 920 1074 quibus
942 988 1036 1052 Tullo
1060 999 1216 1071 regnante
1236 995 1251 1044 ³

93 1072 196 1135 ictum
218 1073 333 1137 foedus
357 1083 435 1154 erat,
464 1072 660 1138 sustulerant
682 1075 805 1137 animos
828 1085 870 1153 et,
903 1096 977 1137 curn
999 1075 1216 1138 incursionem

92 1158 127 1221 in
151 1179 264 1242 agrum
287 1159 468 1222 Romanum
490 1159 651 1236 fecissent,
675 1158 898 1244 repetentibus
921 1182 973 1224 res
988 1159 1141 1222 Romanis
1165 1183 1216 1224 su·

93 1244 196 1327 perbe
217 1266 407 1330 responsum
435 1244 586 1325 reddunt,
619 1245 763 1308 desidem
787 1245 967 1308 Romanum
998 1267 1110 1329 regern
1133 1247 1217 1308 inter

94 1327 215 1392 sacella
237 1340 269 1393 et
291 1352 363 1394 aras
394 1340 542 1393 acturum
565 1352 636 1394 esse
658 1351 793 1412 regnum
823 1331 893 1393 rati.
927 1330 1070 1394 medium
1094 1340 1163 1393 erat
1185 1333 1253 1393 int

93 1415 187 1479 Anco
202 1416 376 1496 ingenium,
401 1427 433 1479 et
447 1415 572 1479 Numae
588 1427 621 1479 et
635 1415 764 1478 Romuli
782 1435 919 1497 memor3
937 1425 970 1480 et
985 1424 1216 1501 praeterquam

94 1501 183 1584 quod
206 1504 257 1565 avi
279 1523 378 1585 regno
411 1502 512 1584 magis
539 1503 756 1565 necessariam
787 1501 888 1564 fuisse
944 1522 1036 1564 acem
1059 1500 1216 1565 credebat

93 1607 169 1648 cum
190 1587 223 1649 in
244 1608 329 1653 novo
352 1596 420 1650 turn
442 1586 542 1650 feroci
564 1585 696 1672 populo,
728 1587 824 1650 etiam
848 1524 940 1671 quod
958 1585 1004 1649 illi
1026 1587 1215 1670 contigisset

94 1672 197 1735 otium
228 1673 297 1735 sine
319 1673 445 1752 iniuria,
473 1672 507 1734 id
530 1695 565 1736 se
592 1671 680 1735 haud
708 1671 804 1734 facile
826 1670 1028 1752 habiturum3
1060 1673 1215 1755 temptari

94 1758 282 1843 patientiam
314 1768 346 1822 et
367 1767 557 1843 temptatam
581 1759 752 1837 contemni,
785 1766 998 1842 temporaque
1027 1779 1098 1820 esse
1121 1756 1214 1821 Tullo

93 1842 165 1924 regi
196 1845 322 1929 aptiora
353 1866 450 1928 quarn
478 1843 613 1908 Numae.
652 1853 688 1907 ut
718 1852 836 1920 tamen,
870 1844 1020 1926 quoniam
1044 1842 1152 1906 Numa
1185 1844 1251 1905 ino

91 1950 175 2014 pace
198 1928 370 2013 religiones
397 1930 597 2005 instituisset,
630 1950 650 1991 a
671 1950 706 1992 se
738 1927 874 1992 bellicae
906 1928 1120 1992 caerimoniae
1143 1950 1215 2012 pro·

94 2015 257 2090 derentur,
279 2036 341 2078 nec
356 2023 545 2098 gererentur
561 2013 674 2095 solum,
698 2014 756 2077 sed
774 2015 868 2078 etiarn
886 2014 1107 2077 indicerentur
1128 2013 1216 2077 bella

92 2099 203 2185 aliquo
227 2101 300 2175 ritu,
332 2102 382 2165 ius
414 2101 456 2164 ab
490 2102 623 2185 antiqua
654 2108 751 2183 gente
774 2099 974 2183 Aequiculis,
1007 2100 1095 2182 quod
1129 2121 1246 2182 nunc„

91 2184 218 2248 fetiales
241 2185 372 2266 habent,
397 2187 577 2270 descripsit,
613 2207 676 2270 quo
700 2207 752 2248 res
775 2194 992 2268 repetuntur..
1009 2183 1135 2266 legatus
1158 2168 1258 2248 ubra‘

92 2270 135 2334 ad
167 2271 247 2334 fines
279 2293 390 2335 eorum
420 2273 518 2352 venit,
549 2271 636 2334 unde
669 2292 722 2334 res
744 2280 943 2354 repetuntur,
977 2271 1083 2352 capite
1106 2268 1213 2334 velato

91 2355 149 2420 filo
163 2393 207 2404 -
221 2354 314 2419 lanae
329 2356 478 2420 velamen
501 2365 550 2420 est
567 2393 606 2403 —
624 2356 730 2437 „audi,
754 2355 920 2439 luppiter“
937 2357 1055 2440 inquit;
1075 2357 1213 2436 „audite

91 2441 194 2505 fines“
210 2479 254 2490 —
276 2442 508 2527 cuiuscumque
524 2443 628 2524 gentis
652 2452 734 2513 sunt,
758 2442 902 2504 nominat
921 2463 973 2521 -;
999 2441 1129 2520 „audiat
1151 2441 1213 2503 fas:

93 2549 154 2609 ego
177 2550 247 2591 sum
270 2527 420 2612 publicus
442 2529 571 2591 nuntius
587 2526 701 2613 populi
715 2527 865 2604 Romani;
889 2527 971 2588 iuste
987 2527 1106 2610 pieque
1127 2524 1214 2608 lega·
1239 2562 1242 2568 ·

91 2622 145 2676 tus
161 2615 255 2677 venio
270 2613 445 2699 verbisque
467 2615 548 2677 meis
570 2614 653 2677 fides
668 2611 740 2677 sit“.
764 2612 888 2695 peragit
904 2611 1019 2674 deinde
1042 2611 1212 2695 postulata.
1232 2622 1248 2672 t

90 2699 168 2762 inde
182 2699 296 2763 Iovem
310 2707 428 2764 testem
443 2698 534 2762 facit:
553 2699 600 2781 ,si
618 2720 678 2780 ego
690 2699 806 2761 iniuste
816 2697 967 2781 inpieque
980 2695 1052 2760 illos
1067 2696 1214 2760 homines

91 2783 229 2870 illasque
255 2806 318 2849 res.
341 2784 455 2848 dedier
485 2785 563 2848 mihi
593 2806 746 2868 exposco,
778 2793 846 2845 tum
878 2784 1002 2866 patriae
1034 2784 1214 2866 compotem

91 2893 145 2933 me
175 2892 351 2954 numquam
389 2870 461 2933 siris
493 2869 596 2933 esse.“
630 2869 723 2942 haec,
762 2880 834 2931 cum
866 2867 946 2930 fines
979 2866 1251 2952 suprascandit,8

91 2955 185 3037 haec,
218 2959 413 3041 quicumque
445 2956 474 3017 ei
505 2958 627 3040 primus
659 2956 710 3019 vir
743 2954 858 3017 obvius
881 2953 950 3034 fuit,
981 2953 1063 3016 haec
1086 2961 1214 3038 portam

90 3041 288 3124 ingrediens,
326 3041 408 3105 haec
437 3039 543 3106 forum
580 3043 744 3124 ingressus
776 3040 887 3123 paucis
921 3040 1031 3103 verbis
1066 3040 1214 3102 carminis

92 3127 361 3212 concipiendique
382 3127 461 3190 iuris
484 3127 610 3189 iurandi
632 3127 763 3188 mutatis
786 3126 923 3210 peragit.
955 3126 982 3187 si
1004 3145 1067 3187 non
1091 3123 1213 3186 dedun-
1241 3174 1263 3199 Α

90 3222 154 3294 tur,
189 3233 271 3298 quos
295 3213 452 3298 exposcit,
485 3212 599 3276 diebus
629 3211 732 3275 tribus
767 3219 799 3273 et
832 3210 963 3293 triginta
986 3225 1029 3255 -·
1050 3218 1098 3271 tot
1129 3210 1213 3272 enim
1231 3203 1280 3272 a*

90 3296 265 3362 sollemnes
282 3306 357 3363 sunt
371 3331 412 3344 —-
427 3299 567 3382 peractis
583 3296 704 3360 bellum
720 3298 765 3359 ita
779 3296 907 3358 indicit:
933 3295 1039 3375 ,audi
1056 3295 1212 3378 Iuppiter,

90 3391 125 3446 et
170 3392 215 3465 tu,
237 3395 239 3399 ’
262 3383 340 3447 lane
378 3381 522 3464 Quirine,
571 3383 679 3466 diique
723 3403 833 3445 omnes
875 3380 1042 3461 caelestes,
1090 3402 1212 3463 vosque
1236 3404 1268 3453 to

88 3478 275 3551 terrestres,
297 3491 424 3554 rosque
446 3467 572 3549 inferni,
596 3467 720 3530 audite:
753 3488 814 3549 ego
838 3487 897 3529 vos
921 3474 1031 3546 testor,
1055 3464 1212 3549 populum

88 3553 200 3618 illum“
227 3591 264 3601 -
290 3557 489 3640 quicumque
513 3563 571 3635 est,
591 3550 788 3616 nominat-
816 3551 988 3633 „iniustum
1012 3572 1085 3613 esse
1109 3572 1213 3634 neque
1239 3583 1242 3589 ·

91 3641 143 3705 ius
164 3637 364 3726 persolvere.
397 3640 456 3704 sed
480 3639 521 3704 de
543 3639 613 3702 istis
636 3637 734 3701 rebus
766 3638 798 3700 in
829 3637 936 3720 patria
966 3637 1105 3699 maiores
1137 3644 1214 3698 natu

88 3725 305 3808 consulemus,
338 3747 402 3811 quo
423 3734 519 3810 pacto
542 3727 591 3789 ius
614 3733 762 3786 nostrum
785 3721 1033 3806 adipiscamur.“
1068 3743 1141 3784 cum
1163 3719 1218 3812 his

89 3814 230 3876 nuntius·
243 3811 380 3880 Romam
411 3810 455 3875 sd
488 3809 725 3876 consulendum
755 3808 857 3874 redit.
890 3806 1071 3871 contestxm
1095 3801 1246 3892 rernm
1258 3808 1304 3850 xx
