<?xml version="1.0" encoding="UTF-8"?>
<!DOCTYPE html PUBLIC "-//W3C//DTD XHTML 1.0 Transitional//EN"
    "http://www.w3.org/TR/xhtml1/DTD/xhtml1-transitional.dtd">
<html xmlns="http://www.w3.org/1999/xhtml" xml:lang="en" lang="en">
 <head>
  <title>
</title>
<meta http-equiv="Content-Type" content="text/html;charset=utf-8" />
  <meta name='ocr-system' content='tesseract 3.04.00' />
  <meta name='ocr-capabilities' content='ocr_page ocr_carea ocr_par ocr_line ocrx_word'/>
</head>
<body>
  <div class='ocr_page' id='page_1' title='image "./aburbeconditali02livygoog_0197.png"; bbox 0 0 2738 4146; ppageno 0'>
   <div class='ocr_carea' id='block_1_1' title="bbox 87 118 1016 196">
    <p class='ocr_par' dir='ltr' id='par_1_1' title="bbox 87 118 1016 196">
     <span class='ocr_line' id='line_1_1' title="bbox 87 118 1016 196; baseline 0.006 -23"><span class='ocrx_word' id='word_1_1' title='bbox 87 118 147 175; x_wconf 84' lang='grc'>184</span> <span class='ocrx_word' id='word_1_2' title='bbox 351 129 460 178; x_wconf 78' lang='lat' dir='ltr'>tiana</span> <span class='ocrx_word' id='word_1_3' title='bbox 479 129 563 178; x_wconf 84' lang='lat' dir='ltr'>xx11.</span> <span class='ocrx_word' id='word_1_4' title='bbox 584 128 659 178; x_wconf 74' lang='lat' dir='ltr'>cnr.</span> <span class='ocrx_word' id='word_1_5' title='bbox 679 131 720 178; x_wconf 81' lang='lat' dir='ltr'>aa</span> <span class='ocrx_word' id='word_1_6' title='bbox 739 131 780 178; x_wconf 82' lang='lat' dir='ltr'>aa.</span> <span class='ocrx_word' id='word_1_7' title='bbox 800 127 836 195; x_wconf 73' lang='lat' dir='ltr'>[a.</span> <span class='ocrx_word' id='word_1_8' title='bbox 854 128 887 180; x_wconf 88' lang='lat' dir='ltr'>u.</span> <span class='ocrx_word' id='word_1_9' title='bbox 906 145 928 180; x_wconf 74' lang='lat' dir='ltr'>a</span> <span class='ocrx_word' id='word_1_10' title='bbox 947 128 1016 196; x_wconf 72' lang='lat' dir='ltr'>saal.</span> 
     </span>
    </p>
   </div>
   <div class='ocr_carea' id='block_1_2' title="bbox 61 299 1322 3908">
    <p class='ocr_par' dir='ltr' id='par_1_2' title="bbox 136 299 1266 387">
     <span class='ocr_line' id='line_1_2' title="bbox 136 299 1266 387; baseline 0 -23"><span class='ocrx_word' id='word_1_11' title='bbox 136 309 269 387; x_wconf 88' lang='lat' dir='ltr'>paterae</span> <span class='ocrx_word' id='word_1_12' title='bbox 301 321 418 364; x_wconf 84' lang='lat' dir='ltr'>aureae</span> <span class='ocrx_word' id='word_1_13' title='bbox 449 300 559 383; x_wconf 83' lang='lat' dir='ltr'>magni</span> <span class='ocrx_word' id='word_1_14' title='bbox 586 300 740 385; x_wconf 92' lang='lat' dir='ltr'>ponderis</span> <span class='ocrx_word' id='word_1_15' title='bbox 761 301 795 362; x_wconf 94' lang='lat' dir='ltr'>in</span> <span class='ocrx_word' id='word_1_16' title='bbox 818 301 940 364; x_wconf 89' lang='lat' dir='ltr'>curiam</span> <span class='ocrx_word' id='word_1_17' title='bbox 962 299 1082 365; x_wconf 87' lang='lat' dir='ltr'>inlatae</span> <span class='ocrx_word' id='word_1_18' title='bbox 1106 310 1206 387; x_wconf 92' lang='lat' dir='ltr'>atque</span> <span class='ocrx_word' id='word_1_19' title='bbox 1226 303 1266 364; x_wconf 89' lang='lat' dir='ltr'>ita</span> 
     </span>
    </p>

    <p class='ocr_par' dir='ltr' id='par_1_3' title="bbox 93 385 1267 557">
     <span class='ocr_line' id='line_1_3' title="bbox 93 385 1266 472; baseline -0.003 -19"><span class='ocrx_word' id='word_1_20' title='bbox 93 405 110 453; x_wconf 80' lang='lat' dir='ltr'>t</span> <span class='ocrx_word' id='word_1_21' title='bbox 136 387 238 450; x_wconf 87' lang='lat' dir='ltr'>verba</span> <span class='ocrx_word' id='word_1_22' title='bbox 261 386 354 465; x_wconf 88' lang='lat' dir='ltr'>facta,</span> <span class='ocrx_word' id='word_1_23' title='bbox 380 396 415 448; x_wconf 92' lang='lat' dir='ltr'>ut</span> <span class='ocrx_word' id='word_1_24' title='bbox 439 387 598 450; x_wconf 82' lang='lat' dir='ltr'>dicerent:</span> <span class='ocrx_word' id='word_1_25' title='bbox 622 387 704 449; x_wconf 91' lang='lat' dir='ltr'>scire</span> <span class='ocrx_word' id='word_1_26' title='bbox 728 408 800 451; x_wconf 86' lang='lat' dir='ltr'>sese</span> <span class='ocrx_word' id='word_1_27' title='bbox 821 385 936 472; x_wconf 92' lang='lat' dir='ltr'>populi</span> <span class='ocrx_word' id='word_1_28' title='bbox 957 387 1094 450; x_wconf 90' lang='lat' dir='ltr'>Romani</span> <span class='ocrx_word' id='word_1_29' title='bbox 1109 389 1266 451; x_wconf 89' lang='lat' dir='ltr'>aerarium</span> 
     </span>
     <span class='ocr_line' id='line_1_4' title="bbox 136 472 1267 557; baseline 0.001 -20"><span class='ocrx_word' id='word_1_30' title='bbox 136 472 223 537; x_wconf 90' lang='lat' dir='ltr'>bello</span> <span class='ocrx_word' id='word_1_31' title='bbox 249 473 413 536; x_wconf 84' lang='lat' dir='ltr'>exhauriri</span> <span class='ocrx_word' id='word_1_32' title='bbox 436 482 477 554; x_wconf 91' lang='lat' dir='ltr'>et,</span> <span class='ocrx_word' id='word_1_33' title='bbox 502 493 575 536; x_wconf 92' lang='lat' dir='ltr'>cum</span> <span class='ocrx_word' id='word_1_34' title='bbox 597 472 690 535; x_wconf 82' lang='lat' dir='ltr'>iuxta</span> <span class='ocrx_word' id='word_1_35' title='bbox 710 494 770 557; x_wconf 90' lang='lat' dir='ltr'>pro</span> <span class='ocrx_word' id='word_1_36' title='bbox 786 473 921 536; x_wconf 84' lang='lat' dir='ltr'>urbibus</span> <span class='ocrx_word' id='word_1_37' title='bbox 938 474 1092 557; x_wconf 87' lang='lat' dir='ltr'>agrisque</span> <span class='ocrx_word' id='word_1_38' title='bbox 1108 475 1267 538; x_wconf 88' lang='lat' dir='ltr'>sociorum</span> 
     </span>
    </p>

    <p class='ocr_par' dir='ltr' id='par_1_4' title="bbox 95 557 1268 645">
     <span class='ocr_line' id='line_1_5' title="bbox 95 557 1268 645; baseline -0.003 -18"><span class='ocrx_word' id='word_1_39' title='bbox 95 577 111 627; x_wconf 77' lang='lat' dir='ltr'>t</span> <span class='ocrx_word' id='word_1_40' title='bbox 137 582 176 624; x_wconf 89' lang='lat' dir='ltr'>ac</span> <span class='ocrx_word' id='word_1_41' title='bbox 199 576 258 643; x_wconf 89' lang='lat' dir='ltr'>pro</span> <span class='ocrx_word' id='word_1_42' title='bbox 276 560 381 643; x_wconf 88' lang='lat' dir='ltr'>capite</span> <span class='ocrx_word' id='word_1_43' title='bbox 405 571 502 643; x_wconf 88' lang='lat' dir='ltr'>atque</span> <span class='ocrx_word' id='word_1_44' title='bbox 519 579 594 622; x_wconf 86' lang='lat' dir='ltr'>arce</span> <span class='ocrx_word' id='word_1_45' title='bbox 608 557 732 638; x_wconf 88' lang='lat' dir='ltr'>Italiae,</span> <span class='ocrx_word' id='word_1_46' title='bbox 749 558 831 622; x_wconf 89' lang='lat' dir='ltr'>urbe</span> <span class='ocrx_word' id='word_1_47' title='bbox 846 559 1001 641; x_wconf 89' lang='lat' dir='ltr'>Romana,</span> <span class='ocrx_word' id='word_1_48' title='bbox 1018 569 1117 644; x_wconf 91' lang='lat' dir='ltr'>atque</span> <span class='ocrx_word' id='word_1_49' title='bbox 1134 561 1268 645; x_wconf 91' lang='lat' dir='ltr'>imperio</span> 
     </span>
    </p>

    <p class='ocr_par' dir='ltr' id='par_1_5' title="bbox 85 643 1270 815">
     <span class='ocr_line' id='line_1_6' title="bbox 85 643 1270 730; baseline -0.001 -21"><span class='ocrx_word' id='word_1_50' title='bbox 85 646 89 653; x_wconf 77' lang='grc'><em>’</em></span> <span class='ocrx_word' id='word_1_51' title='bbox 136 655 279 728; x_wconf 83' lang='lat' dir='ltr'>geratur,</span> <span class='ocrx_word' id='word_1_52' title='bbox 304 666 445 729; x_wconf 91' lang='lat' dir='ltr'>aequum</span> <span class='ocrx_word' id='word_1_53' title='bbox 468 645 633 708; x_wconf 79' lang='lat' dir='ltr'>censuisse</span> <span class='ocrx_word' id='word_1_54' title='bbox 655 643 896 728; x_wconf 88' lang='lat' dir='ltr'>Neapolitanos,</span> <span class='ocrx_word' id='word_1_55' title='bbox 920 645 1007 730; x_wconf 93' lang='lat' dir='ltr'>quod</span> <span class='ocrx_word' id='word_1_56' title='bbox 1031 645 1102 708; x_wconf 93' lang='lat' dir='ltr'>auri</span> <span class='ocrx_word' id='word_1_57' title='bbox 1119 644 1182 708; x_wconf 92' lang='lat' dir='ltr'>sibi</span> <span class='ocrx_word' id='word_1_58' title='bbox 1199 667 1270 710; x_wconf 92' lang='lat' dir='ltr'>cum</span> 
     </span>
     <span class='ocr_line' id='line_1_7' title="bbox 138 729 1270 815; baseline 0.001 -21"><span class='ocrx_word' id='word_1_59' title='bbox 138 731 179 794; x_wconf 89' lang='lat' dir='ltr'>ad</span> <span class='ocrx_word' id='word_1_60' title='bbox 195 729 389 815; x_wconf 89' lang='lat' dir='ltr'>templorum</span> <span class='ocrx_word' id='word_1_61' title='bbox 407 741 556 793; x_wconf 88' lang='lat' dir='ltr'>ornatum</span> <span class='ocrx_word' id='word_1_62' title='bbox 571 740 640 794; x_wconf 90' lang='lat' dir='ltr'>tum</span> <span class='ocrx_word' id='word_1_63' title='bbox 656 730 697 793; x_wconf 88' lang='lat' dir='ltr'>ad</span> <span class='ocrx_word' id='word_1_64' title='bbox 712 729 892 793; x_wconf 89' lang='lat' dir='ltr'>subsidium</span> <span class='ocrx_word' id='word_1_65' title='bbox 904 730 1053 795; x_wconf 84' lang='lat' dir='ltr'>fortunae</span> <span class='ocrx_word' id='word_1_66' title='bbox 1063 752 1083 793; x_wconf 89' lang='lat' dir='ltr'>a</span> <span class='ocrx_word' id='word_1_67' title='bbox 1094 731 1270 795; x_wconf 85' lang='lat' dir='ltr'>maioribus</span> 
     </span>
    </p>

    <p class='ocr_par' dir='ltr' id='par_1_6' title="bbox 96 814 1270 986">
     <span class='ocr_line' id='line_1_8' title="bbox 96 814 1270 902; baseline 0.002 -22"><span class='ocrx_word' id='word_1_68' title='bbox 96 837 111 886; x_wconf 76' lang='lat' dir='ltr'>t</span> <span class='ocrx_word' id='word_1_69' title='bbox 136 815 285 880; x_wconf 88' lang='lat' dir='ltr'>relictum</span> <span class='ocrx_word' id='word_1_70' title='bbox 307 817 399 899; x_wconf 91' lang='lat' dir='ltr'>foret,</span> <span class='ocrx_word' id='word_1_71' title='bbox 424 837 461 878; x_wconf 90' lang='lat' dir='ltr'>eo</span> <span class='ocrx_word' id='word_1_72' title='bbox 486 816 598 879; x_wconf 88' lang='lat' dir='ltr'>iuvare</span> <span class='ocrx_word' id='word_1_73' title='bbox 619 814 777 902; x_wconf 91' lang='lat' dir='ltr'>populum</span> <span class='ocrx_word' id='word_1_74' title='bbox 800 815 991 879; x_wconf 86' lang='lat' dir='ltr'>Romanum.</span> <span class='ocrx_word' id='word_1_75' title='bbox 1016 817 1042 879; x_wconf 94' lang='lat' dir='ltr'>si</span> <span class='ocrx_word' id='word_1_76' title='bbox 1059 838 1158 902; x_wconf 88' lang='lat' dir='ltr'>quam</span> <span class='ocrx_word' id='word_1_77' title='bbox 1176 839 1270 902; x_wconf 91' lang='lat' dir='ltr'>opem</span> 
     </span>
     <span class='ocr_line' id='line_1_9' title="bbox 136 901 1270 986; baseline 0.001 -22"><span class='ocrx_word' id='word_1_78' title='bbox 136 904 169 966; x_wconf 90' lang='lat' dir='ltr'>in</span> <span class='ocrx_word' id='word_1_79' title='bbox 202 925 274 966; x_wconf 90' lang='lat' dir='ltr'>sese</span> <span class='ocrx_word' id='word_1_80' title='bbox 306 903 489 982; x_wconf 82' lang='lat' dir='ltr'>crederent,</span> <span class='ocrx_word' id='word_1_81' title='bbox 523 903 638 966; x_wconf 92' lang='lat' dir='ltr'>eodem</span> <span class='ocrx_word' id='word_1_82' title='bbox 670 902 776 965; x_wconf 87' lang='lat' dir='ltr'>studio</span> <span class='ocrx_word' id='word_1_83' title='bbox 805 902 904 965; x_wconf 88' lang='lat' dir='ltr'>fuisse</span> <span class='ocrx_word' id='word_1_84' title='bbox 933 901 1111 966; x_wconf 89' lang='lat' dir='ltr'>oblaturos.</span> <span class='ocrx_word' id='word_1_85' title='bbox 1141 914 1270 986; x_wconf 87' lang='lat' dir='ltr'>gratum</span> 
     </span>
    </p>

    <p class='ocr_par' dir='ltr' id='par_1_7' title="bbox 96 987 1271 1330">
     <span class='ocr_line' id='line_1_10' title="bbox 96 987 1271 1074; baseline -0.001 -22"><span class='ocrx_word' id='word_1_86' title='bbox 96 1010 111 1059; x_wconf 81' lang='lat'>8</span> <span class='ocrx_word' id='word_1_87' title='bbox 140 988 202 1052; x_wconf 91' lang='lat' dir='ltr'>sibi</span> <span class='ocrx_word' id='word_1_88' title='bbox 234 999 343 1074; x_wconf 89' lang='lat' dir='ltr'>patres</span> <span class='ocrx_word' id='word_1_89' title='bbox 374 987 536 1051; x_wconf 84' lang='lat' dir='ltr'>Romanos</span> <span class='ocrx_word' id='word_1_90' title='bbox 569 988 792 1073; x_wconf 90' lang='lat' dir='ltr'>populumque</span> <span class='ocrx_word' id='word_1_91' title='bbox 822 987 997 1069; x_wconf 85' lang='lat' dir='ltr'>facturum,</span> <span class='ocrx_word' id='word_1_92' title='bbox 1027 989 1054 1052; x_wconf 91' lang='lat' dir='ltr'>si</span> <span class='ocrx_word' id='word_1_93' title='bbox 1082 1011 1197 1053; x_wconf 90' lang='lat' dir='ltr'>omnes</span> <span class='ocrx_word' id='word_1_94' title='bbox 1220 1011 1271 1053; x_wconf 91' lang='lat' dir='ltr'>res</span> 
     </span>
     <span class='ocr_line' id='line_1_11' title="bbox 136 1073 1270 1160; baseline 0 -22"><span class='ocrx_word' id='word_1_95' title='bbox 136 1073 424 1160; x_wconf 88' lang='lat' dir='ltr'>Neapolitanorum</span> <span class='ocrx_word' id='word_1_96' title='bbox 461 1095 537 1137; x_wconf 87' lang='lat' dir='ltr'>suas</span> <span class='ocrx_word' id='word_1_97' title='bbox 572 1074 741 1137; x_wconf 83' lang='lat' dir='ltr'>duxissent</span> <span class='ocrx_word' id='word_1_98' title='bbox 769 1074 949 1159; x_wconf 87' lang='lat' dir='ltr'>dignosque</span> <span class='ocrx_word' id='word_1_99' title='bbox 976 1073 1205 1154; x_wconf 88' lang='lat' dir='ltr'>iudicaverint,</span> <span class='ocrx_word' id='word_1_100' title='bbox 1230 1074 1270 1138; x_wconf 89' lang='lat' dir='ltr'>ab</span> 
     </span>
     <span class='ocr_line' id='line_1_12' title="bbox 138 1157 1270 1246; baseline 0.001 -23"><span class='ocrx_word' id='word_1_101' title='bbox 138 1160 255 1246; x_wconf 92' lang='lat' dir='ltr'>quibus</span> <span class='ocrx_word' id='word_1_102' title='bbox 279 1161 401 1223; x_wconf 92' lang='lat' dir='ltr'>donum</span> <span class='ocrx_word' id='word_1_103' title='bbox 417 1160 523 1222; x_wconf 91' lang='lat' dir='ltr'>animo</span> <span class='ocrx_word' id='word_1_104' title='bbox 540 1182 578 1222; x_wconf 86' lang='lat' dir='ltr'>ac</span> <span class='ocrx_word' id='word_1_105' title='bbox 593 1159 761 1224; x_wconf 86' lang='lat' dir='ltr'>voluntate</span> <span class='ocrx_word' id='word_1_106' title='bbox 778 1181 900 1242; x_wconf 91' lang='lat' dir='ltr'>eorum,</span> <span class='ocrx_word' id='word_1_107' title='bbox 917 1160 971 1245; x_wconf 94' lang='lat' dir='ltr'>qui</span> <span class='ocrx_word' id='word_1_108' title='bbox 989 1157 1128 1224; x_wconf 90' lang='lat' dir='ltr'>libentes</span> <span class='ocrx_word' id='word_1_109' title='bbox 1146 1161 1270 1239; x_wconf 88' lang='lat' dir='ltr'>darent,</span> 
     </span>
     <span class='ocr_line' id='line_1_13' title="bbox 139 1244 1271 1330; baseline 0.002 -21"><span class='ocrx_word' id='word_1_110' title='bbox 139 1268 235 1330; x_wconf 91' lang='lat' dir='ltr'>quam</span> <span class='ocrx_word' id='word_1_111' title='bbox 258 1268 295 1310; x_wconf 94' lang='lat' dir='ltr'>re</span> <span class='ocrx_word' id='word_1_112' title='bbox 318 1246 421 1309; x_wconf 92' lang='lat' dir='ltr'>maius</span> <span class='ocrx_word' id='word_1_113' title='bbox 444 1244 648 1330; x_wconf 84' lang='lat' dir='ltr'>ampliusque</span> <span class='ocrx_word' id='word_1_114' title='bbox 671 1247 867 1329; x_wconf 91' lang='lat' dir='ltr'>acciperent.</span> <span class='ocrx_word' id='word_1_115' title='bbox 891 1245 1006 1328; x_wconf 86' lang='lat' dir='ltr'>legatis</span> <span class='ocrx_word' id='word_1_116' title='bbox 1029 1246 1155 1328; x_wconf 90' lang='lat' dir='ltr'>gratiae</span> <span class='ocrx_word' id='word_1_117' title='bbox 1178 1257 1271 1311; x_wconf 87' lang='lat' dir='ltr'>actae</span> 
     </span>
    </p>

    <p class='ocr_par' dir='ltr' id='par_1_8' title="bbox 96 1331 1271 1502">
     <span class='ocr_line' id='line_1_14' title="bbox 96 1331 1271 1418; baseline -0.001 -21"><span class='ocrx_word' id='word_1_118' title='bbox 96 1349 111 1397; x_wconf 82' lang='grc'>9</span> <span class='ocrx_word' id='word_1_119' title='bbox 135 1355 195 1418; x_wconf 92' lang='lat' dir='ltr'>pro</span> <span class='ocrx_word' id='word_1_120' title='bbox 219 1331 440 1396; x_wconf 87' lang='lat' dir='ltr'>munificentia</span> <span class='ocrx_word' id='word_1_121' title='bbox 463 1351 620 1416; x_wconf 88' lang='lat' dir='ltr'>curaque;</span> <span class='ocrx_word' id='word_1_122' title='bbox 643 1344 766 1416; x_wconf 88' lang='lat' dir='ltr'>patera,</span> <span class='ocrx_word' id='word_1_123' title='bbox 791 1353 874 1416; x_wconf 91' lang='lat' dir='ltr'>quae</span> <span class='ocrx_word' id='word_1_124' title='bbox 890 1332 1044 1415; x_wconf 90' lang='lat' dir='ltr'>ponderis</span> <span class='ocrx_word' id='word_1_125' title='bbox 1059 1333 1185 1395; x_wconf 91' lang='lat' dir='ltr'>minimi</span> <span class='ocrx_word' id='word_1_126' title='bbox 1200 1333 1271 1412; x_wconf 88' lang='lat' dir='ltr'>fnit,</span> 
     </span>
     <span class='ocr_line' id='line_1_15' title="bbox 137 1429 281 1502; baseline -0.021 -22"><span class='ocrx_word' id='word_1_127' title='bbox 137 1429 281 1502; x_wconf 83' lang='lat' dir='ltr'>accepta.</span> 
     </span>
    </p>

    <p class='ocr_par' dir='ltr' id='par_1_9' title="bbox 97 1499 1272 1586">
     <span class='ocr_line' id='line_1_16' title="bbox 97 1499 1272 1586; baseline 0.003 -22"><span class='ocrx_word' id='word_1_128' title='bbox 97 1519 110 1564; x_wconf 92' lang='lat'>1</span> <span class='ocrx_word' id='word_1_129' title='bbox 238 1502 402 1566; x_wconf 88' lang='lat' dir='ltr'>XXXIII.</span> <span class='ocrx_word' id='word_1_130' title='bbox 438 1502 503 1568; x_wconf 92' lang='lat' dir='ltr'>Per</span> <span class='ocrx_word' id='word_1_131' title='bbox 527 1503 660 1566; x_wconf 91' lang='lat' dir='ltr'>eosdem</span> <span class='ocrx_word' id='word_1_132' title='bbox 683 1502 752 1566; x_wconf 91' lang='lat' dir='ltr'>dies</span> <span class='ocrx_word' id='word_1_133' title='bbox 775 1502 960 1586; x_wconf 90' lang='lat' dir='ltr'>speculator</span> <span class='ocrx_word' id='word_1_134' title='bbox 983 1499 1272 1586; x_wconf 79' lang='lat' dir='ltr'>Carthaginiensis,</span> 
     </span>
    </p>

    <p class='ocr_par' dir='ltr' id='par_1_10' title="bbox 96 1588 1274 1847">
     <span class='ocr_line' id='line_1_17' title="bbox 96 1588 1273 1677; baseline 0.002 -26"><span class='ocrx_word' id='word_1_135' title='bbox 96 1608 110 1651; x_wconf 79' lang='lat' dir='ltr'>a</span> <span class='ocrx_word' id='word_1_136' title='bbox 136 1590 192 1675; x_wconf 92' lang='lat' dir='ltr'>qui</span> <span class='ocrx_word' id='word_1_137' title='bbox 216 1609 275 1673; x_wconf 90' lang='lat' dir='ltr'>per</span> <span class='ocrx_word' id='word_1_138' title='bbox 299 1589 464 1652; x_wconf 92' lang='lat' dir='ltr'>biennium</span> <span class='ocrx_word' id='word_1_139' title='bbox 486 1588 656 1670; x_wconf 84' lang='lat' dir='ltr'>fefellerat,</span> <span class='ocrx_word' id='word_1_140' title='bbox 692 1588 813 1651; x_wconf 84' lang='lat' dir='ltr'>Romae</span> <span class='ocrx_word' id='word_1_141' title='bbox 845 1588 1024 1672; x_wconf 87' lang='lat' dir='ltr'>deprensus</span> <span class='ocrx_word' id='word_1_142' title='bbox 1048 1589 1273 1677; x_wconf 85' lang='lat' dir='ltr'>praecisisque</span> 
     </span>
     <span class='ocr_line' id='line_1_18' title="bbox 136 1673 1272 1759; baseline 0 -21"><span class='ocrx_word' id='word_1_143' title='bbox 136 1673 286 1739; x_wconf 91' lang='lat' dir='ltr'>manibus</span> <span class='ocrx_word' id='word_1_144' title='bbox 311 1676 471 1751; x_wconf 87' lang='lat' dir='ltr'>dimissus,</span> <span class='ocrx_word' id='word_1_145' title='bbox 496 1685 528 1738; x_wconf 92' lang='lat' dir='ltr'>et</span> <span class='ocrx_word' id='word_1_146' title='bbox 550 1676 636 1738; x_wconf 88' lang='lat' dir='ltr'>servi</span> <span class='ocrx_word' id='word_1_147' title='bbox 659 1675 800 1759; x_wconf 92' lang='lat' dir='ltr'>quinque</span> <span class='ocrx_word' id='word_1_148' title='bbox 817 1684 848 1739; x_wconf 92' lang='lat' dir='ltr'>et</span> <span class='ocrx_word' id='word_1_149' title='bbox 863 1674 979 1758; x_wconf 81' lang='lat' dir='ltr'>viginti</span> <span class='ocrx_word' id='word_1_150' title='bbox 1001 1675 1033 1737; x_wconf 93' lang='lat' dir='ltr'>in</span> <span class='ocrx_word' id='word_1_151' title='bbox 1052 1696 1179 1739; x_wconf 89' lang='lat' dir='ltr'>crucem</span> <span class='ocrx_word' id='word_1_152' title='bbox 1198 1676 1272 1757; x_wconf 85' lang='lat' dir='ltr'>acti,</span> 
     </span>
     <span class='ocr_line' id='line_1_19' title="bbox 136 1759 1274 1847; baseline 0.002 -23"><span class='ocrx_word' id='word_1_153' title='bbox 136 1762 225 1847; x_wconf 87' lang='lat' dir='ltr'>qnod</span> <span class='ocrx_word' id='word_1_154' title='bbox 247 1762 280 1824; x_wconf 91' lang='lat' dir='ltr'>in</span> <span class='ocrx_word' id='word_1_155' title='bbox 302 1783 417 1846; x_wconf 90' lang='lat' dir='ltr'>campo</span> <span class='ocrx_word' id='word_1_156' title='bbox 440 1761 558 1824; x_wconf 89' lang='lat' dir='ltr'>Martio</span> <span class='ocrx_word' id='word_1_157' title='bbox 581 1761 813 1825; x_wconf 88' lang='lat' dir='ltr'>coniurassent.</span> <span class='ocrx_word' id='word_1_158' title='bbox 857 1761 957 1823; x_wconf 90' lang='lat' dir='ltr'>indici</span> <span class='ocrx_word' id='word_1_159' title='bbox 981 1759 1057 1823; x_wconf 86' lang='lat' dir='ltr'>data</span> <span class='ocrx_word' id='word_1_160' title='bbox 1080 1759 1216 1825; x_wconf 87' lang='lat' dir='ltr'>libertas</span> <span class='ocrx_word' id='word_1_161' title='bbox 1240 1771 1274 1826; x_wconf 94' lang='lat' dir='ltr'>et</span> 
     </span>
    </p>

    <p class='ocr_par' dir='ltr' id='par_1_11' title="bbox 96 1846 1273 1932">
     <span class='ocr_line' id='line_1_20' title="bbox 96 1846 1273 1932; baseline 0.003 -22"><span class='ocrx_word' id='word_1_162' title='bbox 96 1864 111 1910; x_wconf 89' lang='lat'>3</span> <span class='ocrx_word' id='word_1_163' title='bbox 136 1847 220 1912; x_wconf 82' lang='lat' dir='ltr'>aeris</span> <span class='ocrx_word' id='word_1_164' title='bbox 235 1849 344 1931; x_wconf 86' lang='lat' dir='ltr'>gravis</span> <span class='ocrx_word' id='word_1_165' title='bbox 360 1849 474 1932; x_wconf 91' lang='lat' dir='ltr'>viginti</span> <span class='ocrx_word' id='word_1_166' title='bbox 490 1846 587 1910; x_wconf 86' lang='lat' dir='ltr'>milia.</span> <span class='ocrx_word' id='word_1_167' title='bbox 610 1847 710 1930; x_wconf 87' lang='lat' dir='ltr'>legati</span> <span class='ocrx_word' id='word_1_168' title='bbox 726 1856 759 1911; x_wconf 91' lang='lat' dir='ltr'>et</span> <span class='ocrx_word' id='word_1_169' title='bbox 780 1847 823 1910; x_wconf 88' lang='lat' dir='ltr'>ad</span> <span class='ocrx_word' id='word_1_170' title='bbox 838 1846 1035 1932; x_wconf 93' lang='lat' dir='ltr'>Philippum,</span> <span class='ocrx_word' id='word_1_171' title='bbox 1051 1846 1273 1913; x_wconf 88' lang='lat' dir='ltr'>Macedonum</span> 
     </span>
    </p>

    <p class='ocr_par' dir='ltr' id='par_1_12' title="bbox 95 1931 1273 2104">
     <span class='ocr_line' id='line_1_21' title="bbox 95 1931 1273 2019; baseline -0.001 -21"><span class='ocrx_word' id='word_1_172' title='bbox 95 1951 257 2017; x_wconf 74' lang='lat' dir='ltr'>tregem,</span> <span class='ocrx_word' id='word_1_173' title='bbox 295 1934 385 1996; x_wconf 92' lang='lat' dir='ltr'>missi</span> <span class='ocrx_word' id='word_1_174' title='bbox 417 1933 458 1995; x_wconf 88' lang='lat' dir='ltr'>ad</span> <span class='ocrx_word' id='word_1_175' title='bbox 498 1933 740 2019; x_wconf 88' lang='lat' dir='ltr'>deposcendum</span> <span class='ocrx_word' id='word_1_176' title='bbox 772 1933 976 1997; x_wconf 87' lang='lat' dir='ltr'>Demetrium</span> <span class='ocrx_word' id='word_1_177' title='bbox 1010 1931 1176 2012; x_wconf 89' lang='lat' dir='ltr'>Pharium,</span> <span class='ocrx_word' id='word_1_178' title='bbox 1217 1935 1273 2018; x_wconf 91' lang='lat' dir='ltr'>qui</span> 
     </span>
     <span class='ocr_line' id='line_1_22' title="bbox 134 2017 1272 2104; baseline 0.001 -22"><span class='ocrx_word' id='word_1_179' title='bbox 134 2018 222 2082; x_wconf 90' lang='lat' dir='ltr'>hello</span> <span class='ocrx_word' id='word_1_180' title='bbox 244 2019 349 2084; x_wconf 85' lang='lat' dir='ltr'>victus</span> <span class='ocrx_word' id='word_1_181' title='bbox 372 2019 413 2082; x_wconf 89' lang='lat' dir='ltr'>ad</span> <span class='ocrx_word' id='word_1_182' title='bbox 438 2039 510 2082; x_wconf 90' lang='lat' dir='ltr'>eum</span> <span class='ocrx_word' id='word_1_183' title='bbox 531 2019 676 2102; x_wconf 86' lang='lat' dir='ltr'>fugisset,</span> <span class='ocrx_word' id='word_1_184' title='bbox 700 2027 733 2082; x_wconf 85' lang='lat' dir='ltr'>et</span> <span class='ocrx_word' id='word_1_185' title='bbox 755 2017 809 2080; x_wconf 88' lang='lat' dir='ltr'>alii</span> <span class='ocrx_word' id='word_1_186' title='bbox 831 2020 863 2081; x_wconf 90' lang='lat' dir='ltr'>in</span> <span class='ocrx_word' id='word_1_187' title='bbox 886 2019 1024 2103; x_wconf 80' lang='lat' dir='ltr'>Ligures</span> <span class='ocrx_word' id='word_1_188' title='bbox 1048 2019 1090 2081; x_wconf 94' lang='lat' dir='ltr'>ad</span> <span class='ocrx_word' id='word_1_189' title='bbox 1113 2033 1272 2104; x_wconf 85' lang='lat' dir='ltr'>expostu-</span> 
     </span>
    </p>

    <p class='ocr_par' dir='ltr' id='par_1_13' title="bbox 88 2103 1273 2190">
     <span class='ocr_line' id='line_1_23' title="bbox 88 2103 1273 2190; baseline 0.001 -22"><span class='ocrx_word' id='word_1_190' title='bbox 88 2157 95 2168; x_wconf 81' lang='grc'><strong>,</strong></span> <span class='ocrx_word' id='word_1_191' title='bbox 135 2104 279 2186; x_wconf 88' lang='lat' dir='ltr'>landum,</span> <span class='ocrx_word' id='word_1_192' title='bbox 303 2105 390 2190; x_wconf 95' lang='lat' dir='ltr'>quod</span> <span class='ocrx_word' id='word_1_193' title='bbox 406 2104 553 2168; x_wconf 89' lang='lat' dir='ltr'>Poenum</span> <span class='ocrx_word' id='word_1_194' title='bbox 568 2103 684 2189; x_wconf 88' lang='lat' dir='ltr'>opibus</span> <span class='ocrx_word' id='word_1_195' title='bbox 700 2104 894 2189; x_wconf 86' lang='lat' dir='ltr'>auxiliisque</span> <span class='ocrx_word' id='word_1_196' title='bbox 910 2106 976 2169; x_wconf 90' lang='lat' dir='ltr'>suis</span> <span class='ocrx_word' id='word_1_197' title='bbox 991 2105 1159 2186; x_wconf 90' lang='lat' dir='ltr'>iuvissent,</span> <span class='ocrx_word' id='word_1_198' title='bbox 1175 2104 1273 2169; x_wconf 89' lang='lat' dir='ltr'>simul</span> 
     </span>
    </p>

    <p class='ocr_par' dir='ltr' id='par_1_14' title="bbox 61 2189 1273 2276">
     <span class='ocr_line' id='line_1_24' title="bbox 61 2189 1273 2276; baseline 0.002 -23"><span class='ocrx_word' id='word_1_199' title='bbox 61 2215 69 2228; x_wconf 83' lang='lat'>·</span> <span class='ocrx_word' id='word_1_200' title='bbox 137 2191 179 2253; x_wconf 89' lang='lat' dir='ltr'>ad</span> <span class='ocrx_word' id='word_1_201' title='bbox 201 2191 373 2255; x_wconf 89' lang='lat' dir='ltr'>visendum</span> <span class='ocrx_word' id='word_1_202' title='bbox 397 2213 440 2255; x_wconf 85' lang='lat' dir='ltr'>ex</span> <span class='ocrx_word' id='word_1_203' title='bbox 462 2191 656 2276; x_wconf 87' lang='lat' dir='ltr'>propinque,</span> <span class='ocrx_word' id='word_1_204' title='bbox 689 2193 828 2276; x_wconf 91' lang='lat' dir='ltr'>quaein</span> <span class='ocrx_word' id='word_1_205' title='bbox 855 2191 931 2254; x_wconf 91' lang='lat' dir='ltr'>Bois</span> <span class='ocrx_word' id='word_1_206' title='bbox 955 2201 1053 2276; x_wconf 87' lang='lat' dir='ltr'>atque</span> <span class='ocrx_word' id='word_1_207' title='bbox 1075 2189 1273 2255; x_wconf 89' lang='lat' dir='ltr'>Insubribus</span> 
     </span>
    </p>

    <p class='ocr_par' dir='ltr' id='par_1_15' title="bbox 95 2275 1273 2448">
     <span class='ocr_line' id='line_1_25' title="bbox 95 2275 1273 2362; baseline -0.003 -18"><span class='ocrx_word' id='word_1_208' title='bbox 95 2299 111 2344; x_wconf 80' lang='lat' dir='ltr'>o</span> <span class='ocrx_word' id='word_1_209' title='bbox 137 2287 337 2361; x_wconf 86' lang='lat' dir='ltr'>gererentur.</span> <span class='ocrx_word' id='word_1_210' title='bbox 361 2278 402 2341; x_wconf 87' lang='lat' dir='ltr'>ad</span> <span class='ocrx_word' id='word_1_211' title='bbox 426 2277 562 2340; x_wconf 91' lang='lat' dir='ltr'>Pineum</span> <span class='ocrx_word' id='word_1_212' title='bbox 587 2299 717 2362; x_wconf 90' lang='lat' dir='ltr'>quoque</span> <span class='ocrx_word' id='word_1_213' title='bbox 732 2299 843 2362; x_wconf 91' lang='lat' dir='ltr'>regem</span> <span class='ocrx_word' id='word_1_214' title='bbox 866 2279 898 2340; x_wconf 91' lang='lat' dir='ltr'>in</span> <span class='ocrx_word' id='word_1_215' title='bbox 912 2275 1044 2361; x_wconf 81' lang='lat' dir='ltr'>Illyrios</span> <span class='ocrx_word' id='word_1_216' title='bbox 1068 2275 1168 2360; x_wconf 88' lang='lat' dir='ltr'>legati</span> <span class='ocrx_word' id='word_1_217' title='bbox 1182 2278 1273 2340; x_wconf 92' lang='lat' dir='ltr'>missi</span> 
     </span>
     <span class='ocr_line' id='line_1_26' title="bbox 136 2362 1273 2448; baseline 0 -22"><span class='ocrx_word' id='word_1_218' title='bbox 136 2363 177 2426; x_wconf 88' lang='lat' dir='ltr'>ad</span> <span class='ocrx_word' id='word_1_219' title='bbox 201 2363 521 2447; x_wconf 84' lang='lat' dir='ltr'>stipendium,cuius</span> <span class='ocrx_word' id='word_1_220' title='bbox 545 2364 614 2427; x_wconf 91' lang='lat' dir='ltr'>dies</span> <span class='ocrx_word' id='word_1_221' title='bbox 638 2364 771 2447; x_wconf 85' lang='lat' dir='ltr'>exierat,</span> <span class='ocrx_word' id='word_1_222' title='bbox 799 2363 1008 2448; x_wconf 88' lang='lat' dir='ltr'>poscendum,</span> <span class='ocrx_word' id='word_1_223' title='bbox 1033 2371 1099 2444; x_wconf 93' lang='lat' dir='ltr'>aut,</span> <span class='ocrx_word' id='word_1_224' title='bbox 1133 2363 1161 2426; x_wconf 95' lang='lat' dir='ltr'>si</span> <span class='ocrx_word' id='word_1_225' title='bbox 1185 2362 1273 2428; x_wconf 93' lang='lat' dir='ltr'>diem</span> 
     </span>
    </p>

    <p class='ocr_par' dir='ltr' id='par_1_16' title="bbox 95 2446 1274 2707">
     <span class='ocr_line' id='line_1_27' title="bbox 95 2446 1272 2536; baseline 0.001 -24"><span class='ocrx_word' id='word_1_226' title='bbox 95 2474 109 2520; x_wconf 75' lang='lat' dir='ltr'>a</span> <span class='ocrx_word' id='word_1_227' title='bbox 136 2449 275 2536; x_wconf 85' lang='lat' dir='ltr'>proferri</span> <span class='ocrx_word' id='word_1_228' title='bbox 291 2449 398 2530; x_wconf 88' lang='lat' dir='ltr'>vellet,</span> <span class='ocrx_word' id='word_1_229' title='bbox 422 2449 551 2513; x_wconf 90' lang='lat' dir='ltr'>obsides</span> <span class='ocrx_word' id='word_1_230' title='bbox 567 2450 784 2534; x_wconf 79' lang='lat' dir='ltr'>accipiendos</span> <span class='ocrx_word' id='word_1_231' title='bbox 809 2450 902 2532; x_wconf 89' lang='lat' dir='ltr'>adeo,</span> <span class='ocrx_word' id='word_1_232' title='bbox 927 2449 987 2512; x_wconf 89' lang='lat' dir='ltr'>etsi</span> <span class='ocrx_word' id='word_1_233' title='bbox 1011 2446 1134 2513; x_wconf 92' lang='lat' dir='ltr'>bellum</span> <span class='ocrx_word' id='word_1_234' title='bbox 1156 2450 1272 2533; x_wconf 86' lang='lat' dir='ltr'>ingens</span> 
     </span>
     <span class='ocr_line' id='line_1_28' title="bbox 135 2534 1272 2621; baseline 0.001 -23"><span class='ocrx_word' id='word_1_235' title='bbox 135 2539 168 2599; x_wconf 93' lang='lat' dir='ltr'>in</span> <span class='ocrx_word' id='word_1_236' title='bbox 183 2536 363 2601; x_wconf 89' lang='lat' dir='ltr'>cervicibus</span> <span class='ocrx_word' id='word_1_237' title='bbox 380 2546 458 2619; x_wconf 87' lang='lat' dir='ltr'>erat,</span> <span class='ocrx_word' id='word_1_238' title='bbox 475 2534 592 2599; x_wconf 91' lang='lat' dir='ltr'>nullius</span> <span class='ocrx_word' id='word_1_239' title='bbox 607 2557 745 2621; x_wconf 88' lang='lat' dir='ltr'>usquam</span> <span class='ocrx_word' id='word_1_240' title='bbox 765 2546 924 2599; x_wconf 89' lang='lat' dir='ltr'>terrarum</span> <span class='ocrx_word' id='word_1_241' title='bbox 939 2535 986 2598; x_wconf 93' lang='lat' dir='ltr'>rei</span> <span class='ocrx_word' id='word_1_242' title='bbox 1003 2557 1081 2598; x_wconf 89' lang='lat' dir='ltr'>cura</span> <span class='ocrx_word' id='word_1_243' title='bbox 1095 2535 1272 2610; x_wconf 80' lang='lat' dir='ltr'>Romanos,</span> 
     </span>
     <span class='ocr_line' id='line_1_29' title="bbox 135 2621 1274 2707; baseline -0.001 -21"><span class='ocrx_word' id='word_1_244' title='bbox 135 2644 177 2686; x_wconf 90' lang='lat' dir='ltr'>ne</span> <span class='ocrx_word' id='word_1_245' title='bbox 199 2621 394 2707; x_wconf 90' lang='lat' dir='ltr'>longinquae</span> <span class='ocrx_word' id='word_1_246' title='bbox 419 2622 560 2707; x_wconf 91' lang='lat' dir='ltr'>quidem,</span> <span class='ocrx_word' id='word_1_247' title='bbox 584 2621 768 2705; x_wconf 88' lang='lat' dir='ltr'>effugiebat.</span> <span class='ocrx_word' id='word_1_248' title='bbox 792 2623 825 2684; x_wconf 91' lang='lat' dir='ltr'>in</span> <span class='ocrx_word' id='word_1_249' title='bbox 846 2621 1035 2706; x_wconf 88' lang='lat' dir='ltr'>religionem</span> <span class='ocrx_word' id='word_1_250' title='bbox 1061 2624 1158 2685; x_wconf 85' lang='lat' dir='ltr'>etiam</span> <span class='ocrx_word' id='word_1_251' title='bbox 1181 2623 1274 2686; x_wconf 89' lang='lat' dir='ltr'>veuit</span> 
     </span>
    </p>

    <p class='ocr_par' dir='ltr' id='par_1_17' title="bbox 97 2705 1322 2878">
     <span class='ocr_line' id='line_1_30' title="bbox 97 2705 1272 2794; baseline 0.006 -28"><span class='ocrx_word' id='word_1_252' title='bbox 97 2720 111 2766; x_wconf 79' lang='lat'>&#39;1</span> <span class='ocrx_word' id='word_1_253' title='bbox 136 2708 251 2771; x_wconf 92' lang='lat' dir='ltr'>aedem</span> <span class='ocrx_word' id='word_1_254' title='bbox 275 2707 486 2787; x_wconf 81' lang='lat' dir='ltr'>Concordiae,</span> <span class='ocrx_word' id='word_1_255' title='bbox 519 2729 615 2794; x_wconf 87' lang='lat' dir='ltr'>quam</span> <span class='ocrx_word' id='word_1_256' title='bbox 648 2730 706 2793; x_wconf 91' lang='lat' dir='ltr'>per</span> <span class='ocrx_word' id='word_1_257' title='bbox 730 2708 921 2772; x_wconf 90' lang='lat' dir='ltr'>seditionem</span> <span class='ocrx_word' id='word_1_258' title='bbox 944 2705 1116 2771; x_wconf 81' lang='lat' dir='ltr'>militarem</span> <span class='ocrx_word' id='word_1_259' title='bbox 1140 2706 1272 2773; x_wconf 89' lang='lat' dir='ltr'>biennio</span> 
     </span>
     <span class='ocr_line' id='line_1_31' title="bbox 137 2785 1322 2878; baseline 0 -23"><span class='ocrx_word' id='word_1_260' title='bbox 137 2803 210 2855; x_wconf 91' lang='lat' dir='ltr'>ante</span> <span class='ocrx_word' id='word_1_261' title='bbox 232 2793 271 2856; x_wconf 93' lang='lat' dir='ltr'>L.</span> <span class='ocrx_word' id='word_1_262' title='bbox 294 2792 435 2858; x_wconf 88' lang='lat' dir='ltr'>Manlius</span> <span class='ocrx_word' id='word_1_263' title='bbox 457 2804 590 2878; x_wconf 85' lang='lat' dir='ltr'>praetor</span> <span class='ocrx_word' id='word_1_264' title='bbox 612 2795 644 2856; x_wconf 93' lang='lat' dir='ltr'>in</span> <span class='ocrx_word' id='word_1_265' title='bbox 668 2792 775 2858; x_wconf 83' lang='lat' dir='ltr'>Gallia</span> <span class='ocrx_word' id='word_1_266' title='bbox 805 2795 958 2875; x_wconf 88' lang='lat' dir='ltr'>vovisset,</span> <span class='ocrx_word' id='word_1_267' title='bbox 991 2792 1130 2856; x_wconf 84' lang='lat' dir='ltr'>locatam</span> <span class='ocrx_word' id='word_1_268' title='bbox 1163 2793 1207 2856; x_wconf 92' lang='lat' dir='ltr'>ad</span> <span class='ocrx_word' id='word_1_269' title='bbox 1239 2793 1272 2855; x_wconf 95' lang='lat' dir='ltr'>id</span> <span class='ocrx_word' id='word_1_270' title='bbox 1315 2785 1322 2803; x_wconf 73' lang='lat'>⁸</span> 
     </span>
    </p>

    <p class='ocr_par' dir='ltr' id='par_1_18' title="bbox 96 2879 1274 3132">
     <span class='ocr_line' id='line_1_32' title="bbox 96 2879 1274 2965; baseline 0.004 -27"><span class='ocrx_word' id='word_1_271' title='bbox 96 2888 266 2962; x_wconf 78' lang='lat' dir='ltr'>stempus</span> <span class='ocrx_word' id='word_1_272' title='bbox 299 2901 363 2942; x_wconf 92' lang='lat' dir='ltr'>non</span> <span class='ocrx_word' id='word_1_273' title='bbox 398 2902 478 2943; x_wconf 92' lang='lat' dir='ltr'>esse.</span> <span class='ocrx_word' id='word_1_274' title='bbox 524 2883 636 2965; x_wconf 90' lang='lat' dir='ltr'>itaque</span> <span class='ocrx_word' id='word_1_275' title='bbox 668 2880 830 2942; x_wconf 88' lang='lat' dir='ltr'>duumviri</span> <span class='ocrx_word' id='word_1_276' title='bbox 862 2879 903 2941; x_wconf 86' lang='lat' dir='ltr'>ad</span> <span class='ocrx_word' id='word_1_277' title='bbox 937 2900 1008 2940; x_wconf 90' lang='lat' dir='ltr'>eam</span> <span class='ocrx_word' id='word_1_278' title='bbox 1036 2899 1105 2941; x_wconf 91' lang='lat' dir='ltr'>rem</span> <span class='ocrx_word' id='word_1_279' title='bbox 1130 2879 1274 2943; x_wconf 79' lang='lat' dir='ltr'>creatia</span> 
     </span>
     <span class='ocr_line' id='line_1_33' title="bbox 136 2961 1271 3051; baseline -0.001 -23"><span class='ocrx_word' id='word_1_280' title='bbox 136 2964 181 3028; x_wconf 88' lang='lat' dir='ltr'>M.</span> <span class='ocrx_word' id='word_1_281' title='bbox 201 2962 342 3030; x_wconf 84' lang='lat' dir='ltr'>Aemilio</span> <span class='ocrx_word' id='word_1_282' title='bbox 365 2977 516 3051; x_wconf 87' lang='lat' dir='ltr'>praetore</span> <span class='ocrx_word' id='word_1_283' title='bbox 539 2966 674 3036; x_wconf 89' lang='lat' dir='ltr'>urbano.</span> <span class='ocrx_word' id='word_1_284' title='bbox 699 2964 734 3028; x_wconf 79' lang='lat'>0.</span> <span class='ocrx_word' id='word_1_285' title='bbox 759 2964 882 3049; x_wconf 93' lang='lat' dir='ltr'>Pupius</span> <span class='ocrx_word' id='word_1_286' title='bbox 906 2974 938 3028; x_wconf 91' lang='lat' dir='ltr'>et</span> <span class='ocrx_word' id='word_1_287' title='bbox 961 2962 1065 3028; x_wconf 78' lang='lat' dir='ltr'>Caeso</span> <span class='ocrx_word' id='word_1_288' title='bbox 1098 2961 1271 3043; x_wconf 80' lang='lat' dir='ltr'>Quinctius</span> 
     </span>
     <span class='ocr_line' id='line_1_34' title="bbox 133 3050 1063 3132; baseline -0.002 -18"><span class='ocrx_word' id='word_1_289' title='bbox 133 3050 346 3132; x_wconf 76' lang='lat' dir='ltr'>Flamininus,</span> <span class='ocrx_word' id='word_1_290' title='bbox 370 3052 485 3116; x_wconf 90' lang='lat' dir='ltr'>aedem</span> <span class='ocrx_word' id='word_1_291' title='bbox 508 3055 540 3115; x_wconf 97' lang='lat' dir='ltr'>in</span> <span class='ocrx_word' id='word_1_292' title='bbox 563 3075 638 3116; x_wconf 86' lang='lat' dir='ltr'>arce</span> <span class='ocrx_word' id='word_1_293' title='bbox 660 3051 840 3115; x_wconf 88' lang='lat' dir='ltr'>faciendam</span> <span class='ocrx_word' id='word_1_294' title='bbox 865 3051 1063 3115; x_wconf 87' lang='lat' dir='ltr'>locaverunt.</span> 
     </span>
    </p>

    <p class='ocr_par' dir='ltr' id='par_1_19' title="bbox 96 3133 1273 3394">
     <span class='ocr_line' id='line_1_35' title="bbox 96 3133 1273 3222; baseline -0.003 -22"><span class='ocrx_word' id='word_1_295' title='bbox 96 3152 112 3200; x_wconf 80' lang='lat' dir='ltr'>t</span> <span class='ocrx_word' id='word_1_296' title='bbox 240 3135 294 3201; x_wconf 83' lang='lat' dir='ltr'>Ab</span> <span class='ocrx_word' id='word_1_297' title='bbox 326 3138 440 3201; x_wconf 91' lang='lat' dir='ltr'>eodem</span> <span class='ocrx_word' id='word_1_298' title='bbox 472 3150 623 3222; x_wconf 90' lang='lat' dir='ltr'>praetore</span> <span class='ocrx_word' id='word_1_299' title='bbox 656 3159 698 3201; x_wconf 84' lang='lat' dir='ltr'>ex</span> <span class='ocrx_word' id='word_1_300' title='bbox 729 3147 859 3202; x_wconf 88' lang='lat' dir='ltr'>senatus</span> <span class='ocrx_word' id='word_1_301' title='bbox 892 3136 1037 3201; x_wconf 91' lang='lat' dir='ltr'>consulto</span> <span class='ocrx_word' id='word_1_302' title='bbox 1069 3134 1199 3199; x_wconf 86' lang='lat' dir='ltr'>litterae</span> <span class='ocrx_word' id='word_1_303' title='bbox 1230 3133 1273 3197; x_wconf 90' lang='lat' dir='ltr'>ad</span> 
     </span>
     <span class='ocr_line' id='line_1_36' title="bbox 139 3218 1272 3307; baseline -0.003 -22"><span class='ocrx_word' id='word_1_304' title='bbox 139 3222 287 3287; x_wconf 89' lang='lat' dir='ltr'>consules</span> <span class='ocrx_word' id='word_1_305' title='bbox 310 3226 438 3305; x_wconf 91' lang='lat' dir='ltr'>missae,</span> <span class='ocrx_word' id='word_1_306' title='bbox 463 3234 507 3307; x_wconf 92' lang='lat' dir='ltr'>ut,</span> <span class='ocrx_word' id='word_1_307' title='bbox 532 3225 558 3287; x_wconf 93' lang='lat' dir='ltr'>si</span> <span class='ocrx_word' id='word_1_308' title='bbox 582 3225 619 3286; x_wconf 92' lang='lat' dir='ltr'>iis</span> <span class='ocrx_word' id='word_1_309' title='bbox 635 3224 812 3302; x_wconf 87' lang='lat' dir='ltr'>videretur,</span> <span class='ocrx_word' id='word_1_310' title='bbox 837 3221 918 3288; x_wconf 89' lang='lat' dir='ltr'>alter</span> <span class='ocrx_word' id='word_1_311' title='bbox 934 3245 1046 3287; x_wconf 92' lang='lat' dir='ltr'>eorum</span> <span class='ocrx_word' id='word_1_312' title='bbox 1062 3222 1104 3284; x_wconf 92' lang='lat' dir='ltr'>ad</span> <span class='ocrx_word' id='word_1_313' title='bbox 1121 3218 1272 3284; x_wconf 87' lang='lat' dir='ltr'>consules</span> 
     </span>
     <span class='ocr_line' id='line_1_37' title="bbox 138 3307 1271 3394; baseline -0.004 -21"><span class='ocrx_word' id='word_1_314' title='bbox 138 3309 296 3373; x_wconf 90' lang='lat' dir='ltr'>creandos</span> <span class='ocrx_word' id='word_1_315' title='bbox 320 3310 455 3373; x_wconf 85' lang='lat' dir='ltr'>Romam</span> <span class='ocrx_word' id='word_1_316' title='bbox 479 3311 618 3374; x_wconf 85' lang='lat' dir='ltr'>veniret:</span> <span class='ocrx_word' id='word_1_317' title='bbox 644 3330 678 3372; x_wconf 88' lang='lat' dir='ltr'>sc</span> <span class='ocrx_word' id='word_1_318' title='bbox 702 3313 733 3373; x_wconf 92' lang='lat' dir='ltr'>in</span> <span class='ocrx_word' id='word_1_319' title='bbox 757 3333 828 3374; x_wconf 91' lang='lat' dir='ltr'>eam</span> <span class='ocrx_word' id='word_1_320' title='bbox 853 3310 949 3389; x_wconf 86' lang='lat' dir='ltr'>diem,</span> <span class='ocrx_word' id='word_1_321' title='bbox 973 3331 1069 3394; x_wconf 90' lang='lat' dir='ltr'>quam</span> <span class='ocrx_word' id='word_1_322' title='bbox 1092 3307 1271 3383; x_wconf 88' lang='lat' dir='ltr'>iussissent,</span> 
     </span>
    </p>

    <p class='ocr_par' dir='ltr' id='par_1_20' title="bbox 87 3394 1272 3652">
     <span class='ocr_line' id='line_1_38' title="bbox 87 3394 1272 3477; baseline -0.006 -15"><span class='ocrx_word' id='word_1_323' title='bbox 87 3415 120 3462; x_wconf 90' lang='lat'>10</span> <span class='ocrx_word' id='word_1_324' title='bbox 139 3396 271 3458; x_wconf 87' lang='lat' dir='ltr'>comitia</span> <span class='ocrx_word' id='word_1_325' title='bbox 293 3397 487 3459; x_wconf 90' lang='lat' dir='ltr'>edicturum.</span> <span class='ocrx_word' id='word_1_326' title='bbox 533 3395 574 3458; x_wconf 94' lang='lat' dir='ltr'>ad</span> <span class='ocrx_word' id='word_1_327' title='bbox 606 3395 687 3459; x_wconf 88' lang='lat' dir='ltr'>haec</span> <span class='ocrx_word' id='word_1_328' title='bbox 711 3419 730 3460; x_wconf 88' lang='lat' dir='ltr'>a</span> <span class='ocrx_word' id='word_1_329' title='bbox 753 3394 941 3460; x_wconf 90' lang='lat' dir='ltr'>consulibus</span> <span class='ocrx_word' id='word_1_330' title='bbox 965 3395 1170 3477; x_wconf 87' lang='lat' dir='ltr'>rescriptum,</span> <span class='ocrx_word' id='word_1_331' title='bbox 1203 3394 1272 3456; x_wconf 87' lang='lat' dir='ltr'>sine</span> 
     </span>
     <span class='ocr_line' id='line_1_39' title="bbox 139 3479 1272 3566; baseline -0.001 -23"><span class='ocrx_word' id='word_1_332' title='bbox 139 3481 333 3545; x_wconf 90' lang='lat' dir='ltr'>detrimento</span> <span class='ocrx_word' id='word_1_333' title='bbox 357 3483 405 3544; x_wconf 93' lang='lat' dir='ltr'>rei</span> <span class='ocrx_word' id='word_1_334' title='bbox 428 3480 578 3566; x_wconf 89' lang='lat' dir='ltr'>publicae</span> <span class='ocrx_word' id='word_1_335' title='bbox 594 3481 729 3545; x_wconf 88' lang='lat' dir='ltr'>abscedi</span> <span class='ocrx_word' id='word_1_336' title='bbox 750 3504 814 3545; x_wconf 92' lang='lat' dir='ltr'>non</span> <span class='ocrx_word' id='word_1_337' title='bbox 837 3502 933 3566; x_wconf 91' lang='lat' dir='ltr'>posse</span> <span class='ocrx_word' id='word_1_338' title='bbox 961 3480 1002 3542; x_wconf 86' lang='lat' dir='ltr'>ab</span> <span class='ocrx_word' id='word_1_339' title='bbox 1026 3479 1136 3542; x_wconf 88' lang='lat' dir='ltr'>hoste:</span> <span class='ocrx_word' id='word_1_340' title='bbox 1160 3480 1272 3565; x_wconf 88' lang='lat' dir='ltr'>itaque</span> 
     </span>
     <span class='ocr_line' id='line_1_40' title="bbox 139 3563 1272 3652; baseline -0.002 -22"><span class='ocrx_word' id='word_1_341' title='bbox 139 3589 197 3652; x_wconf 90' lang='lat' dir='ltr'>per</span> <span class='ocrx_word' id='word_1_342' title='bbox 220 3569 415 3650; x_wconf 85' lang='lat' dir='ltr'>interregem</span> <span class='ocrx_word' id='word_1_343' title='bbox 440 3569 570 3631; x_wconf 90' lang='lat' dir='ltr'>comitia</span> <span class='ocrx_word' id='word_1_344' title='bbox 592 3567 744 3631; x_wconf 90' lang='lat' dir='ltr'>habenda</span> <span class='ocrx_word' id='word_1_345' title='bbox 775 3589 846 3631; x_wconf 87' lang='lat' dir='ltr'>esse</span> <span class='ocrx_word' id='word_1_346' title='bbox 879 3566 995 3651; x_wconf 89' lang='lat' dir='ltr'>potius,</span> <span class='ocrx_word' id='word_1_347' title='bbox 1029 3587 1126 3650; x_wconf 90' lang='lat' dir='ltr'>quam</span> <span class='ocrx_word' id='word_1_348' title='bbox 1159 3563 1272 3630; x_wconf 87' lang='lat' dir='ltr'>consul</span> 
     </span>
    </p>

    <p class='ocr_par' dir='ltr' id='par_1_21' title="bbox 87 3652 1273 3908">
     <span class='ocr_line' id='line_1_41' title="bbox 87 3652 1273 3740; baseline -0.006 -21"><span class='ocrx_word' id='word_1_349' title='bbox 87 3672 117 3719; x_wconf 88' lang='lat'>11</span> <span class='ocrx_word' id='word_1_350' title='bbox 139 3653 221 3716; x_wconf 87' lang='lat' dir='ltr'>alter</span> <span class='ocrx_word' id='word_1_351' title='bbox 236 3676 256 3714; x_wconf 89' lang='lat' dir='ltr'>a</span> <span class='ocrx_word' id='word_1_352' title='bbox 273 3652 358 3717; x_wconf 92' lang='lat' dir='ltr'>bello</span> <span class='ocrx_word' id='word_1_353' title='bbox 376 3662 578 3717; x_wconf 89' lang='lat' dir='ltr'>avocaretur.</span> <span class='ocrx_word' id='word_1_354' title='bbox 594 3653 743 3740; x_wconf 91' lang='lat' dir='ltr'>patribus</span> <span class='ocrx_word' id='word_1_355' title='bbox 758 3653 878 3716; x_wconf 91' lang='lat' dir='ltr'>rectius</span> <span class='ocrx_word' id='word_1_356' title='bbox 893 3652 999 3715; x_wconf 87' lang='lat' dir='ltr'>visum</span> <span class='ocrx_word' id='word_1_357' title='bbox 1016 3663 1064 3715; x_wconf 89' lang='lat' dir='ltr'>est</span> <span class='ocrx_word' id='word_1_358' title='bbox 1081 3652 1273 3716; x_wconf 89' lang='lat' dir='ltr'>dictatorem</span> 
     </span>
     <span class='ocr_line' id='line_1_42' title="bbox 138 3736 1270 3804; baseline -0.002 -3"><span class='ocrx_word' id='word_1_359' title='bbox 138 3760 158 3801; x_wconf 89' lang='lat' dir='ltr'>a</span> <span class='ocrx_word' id='word_1_360' title='bbox 190 3739 320 3804; x_wconf 92' lang='lat' dir='ltr'>consule</span> <span class='ocrx_word' id='word_1_361' title='bbox 353 3741 415 3802; x_wconf 89' lang='lat' dir='ltr'>dici</span> <span class='ocrx_word' id='word_1_362' title='bbox 448 3739 651 3803; x_wconf 91' lang='lat' dir='ltr'>comitiorum</span> <span class='ocrx_word' id='word_1_363' title='bbox 683 3738 910 3803; x_wconf 88' lang='lat' dir='ltr'>habendorum</span> <span class='ocrx_word' id='word_1_364' title='bbox 945 3760 1051 3801; x_wconf 91' lang='lat' dir='ltr'>causa.</span> <span class='ocrx_word' id='word_1_365' title='bbox 1099 3738 1204 3802; x_wconf 92' lang='lat' dir='ltr'>dictus</span> <span class='ocrx_word' id='word_1_366' title='bbox 1232 3736 1270 3799; x_wconf 88' lang='lat' dir='ltr'>L.</span> 
     </span>
     <span class='ocr_line' id='line_1_43' title="bbox 137 3823 1271 3908; baseline -0.001 -22"><span class='ocrx_word' id='word_1_367' title='bbox 137 3824 291 3888; x_wconf 86' lang='lat' dir='ltr'>Veturius</span> <span class='ocrx_word' id='word_1_368' title='bbox 307 3825 401 3889; x_wconf 92' lang='lat' dir='ltr'>Philo</span> <span class='ocrx_word' id='word_1_369' title='bbox 418 3825 462 3888; x_wconf 91' lang='lat' dir='ltr'>M.</span> <span class='ocrx_word' id='word_1_370' title='bbox 478 3823 695 3908; x_wconf 84' lang='lat' dir='ltr'>Pomponium</span> <span class='ocrx_word' id='word_1_371' title='bbox 710 3825 897 3888; x_wconf 87' lang='lat' dir='ltr'>Mathonem</span> <span class='ocrx_word' id='word_1_372' title='bbox 921 3826 1110 3904; x_wconf 86' lang='lat' dir='ltr'>magistrum</span> <span class='ocrx_word' id='word_1_373' title='bbox 1127 3824 1271 3908; x_wconf 90' lang='lat' dir='ltr'>equitum</span> 
     </span>
    </p>
   </div>
   <div class='ocr_carea' id='block_1_3' title="bbox 0 0 1381 4146">
    <p class='ocr_par' dir='ltr' id='par_1_22' title="bbox 0 0 1381 4146">
     <span class='ocr_line' id='line_1_44' title="bbox 0 0 1381 4146; baseline 0 0"><span class='ocrx_word' id='word_1_374' title='bbox 0 0 1381 4146; x_wconf 95' lang='lat' dir='ltr'> </span> 
     </span>
    </p>
   </div>
   <div class='ocr_carea' id='block_1_4' title="bbox 708 4066 900 4100">
    <p class='ocr_par' dir='ltr' id='par_1_23' title="bbox 708 4066 900 4100">
     <span class='ocr_line' id='line_1_45' title="bbox 708 4066 900 4100; baseline 0 0"><span class='ocrx_word' id='word_1_375' title='bbox 708 4066 838 4100; x_wconf 55' lang='lat' dir='ltr'>A</span> <span class='ocrx_word' id='word_1_376' title='bbox 891 4084 900 4100; x_wconf 71' lang='lat' dir='ltr'><em>A</em></span> 
     </span>
    </p>
   </div>
  </div>
 </body>
</html>
