2738 4146
29 156 33 162 ·
90 144 149 201 118
357 148 466 198 arnan
484 148 556 198 xxi.
575 148 650 199 cnr.
670 150 711 198 13.
731 150 772 198 14.
793 145 826 216 [u
844 119 878 198 u.
897 163 919 198 s.
938 145 1009 214 aas}

141 320 251 387 nibale
274 320 318 384 ad
342 341 401 385 vos
430 319 618 399 rettulisset,
655 341 932 404 supervacaneum
965 318 1027 385 hoc
1056 318 1138 385 mihi
1167 318 1283 386 fiiisset

141 410 213 491 iter,
244 427 308 491 quo
332 428 394 471 nec
417 415 527 470 orator
549 405 743 470 Hannibalis
765 427 826 470 nec
848 405 1017 490 transfuga
1038 406 1081 470 ad
1105 427 1164 468 vos
1189 408 1280 489 veni;

108 495 201 563 used
226 515 300 557 cum
317 492 371 556 ille
393 501 451 556 aut
466 502 576 557 vestra
599 501 655 556 aut
675 514 732 556 sua
750 491 847 578 culpa
869 493 1024 555 manserit
1047 491 1134 577 apud
1151 489 1281 557 hostem

142 602 277 663 -sua,
301 580 327 641 si
352 588 473 642 metum
496 577 670 662 simulavit,
703 586 822 659 vestra,
856 578 884 641 si
907 576 1089 663 periculum
1114 588 1165 641 est
1188 579 1277 664 apud

143 689 203 732 vos
226 687 306 730 vera
327 664 546 728 referentibus
563 700 614 747 -,
631 685 702 748 ego,
726 686 767 728 ne
783 665 977 748 ignoraretis
1001 687 1073 728 esse
1097 663 1224 749 aliquas
1247 674 1281 730 et

145 752 257 816 salutis
296 758 328 814 et
364 751 455 834 pacis
488 749 582 813 vobis
615 750 832 831 condiciones,
872 772 930 835 pro
962 761 1092 815 vetusto
1126 751 1281 835 hospitio,

109 837 234 925 squod
255 836 337 899 mihi
368 835 537 900 vobiscum
561 846 620 918 est,
654 836 695 899 ad
718 858 779 900 vos
802 838 886 899 veni,
910 846 1022 901 vestra
1044 846 1154 901 autem
1178 858 1279 900 causa

145 946 198 988 me
222 945 283 987 nec
306 921 403 986 ullius
426 921 560 986 alterius
582 921 683 1008 loqui,
707 944 791 1007 quae
814 921 932 1007 loquor
953 923 1041 1008 apud
1065 945 1135 1006 vos,
1163 921 1219 986 vel
1242 945 1281 987 ea

77 1031 81 1040 ·
143 1010 226 1074 fides
250 1009 300 1090 sit,
326 1008 414 1093 quod
438 1030 554 1093 neque,
579 1008 656 1071 dum
671 1010 787 1072 'vestris
810 1009 935 1073 viribus
958 1009 1133 1092 restitistis,
1158 1031 1278 1094 neque,

145 1097 222 1161 dum
245 1093 367 1158 auxilia
389 1092 430 1157 ab
445 1093 600 1157 Romanis
623 1095 789 1179 sperastis,
812 1094 903 1179 pacis
928 1117 1083 1181 umquam
1106 1094 1196 1180 apud
1220 1117 1282 1159 von

107 1182 343 1253 smentionem
363 1179 437 1244 feei.
472 1189 646 1266 postquam
677 1202 739 1244 nec
769 1179 811 1243 ab
834 1180 990 1244 Romanis
1021 1180 1116 1245 vobis
1138 1180 1208 1244 ulla
1232 1191 1282 1244 est

145 1289 230 1354 spes,
262 1288 323 1330 nec
345 1275 456 1330 vestra
477 1288 536 1330 vos
559 1269 622 1328 iam
646 1275 702 1329 aut
724 1287 815 1329 arma
837 1274 893 1329 aut
916 1267 1044 1330 moenia
1067 1268 1145 1331 satis
1169 1266 1280 1331 defen-

145 1354 235 1435 dunt,
250 1374 366 1438 paoem
389 1351 499 1415 adfero
515 1351 558 1415 ad
579 1374 640 1416 vos
655 1351 757 1434 magis
772 1353 988 1416 necessariam
1005 1374 1103 1438 quam
1125 1374 1278 1438 aequam.

110 1441 236 1508 eonius
260 1440 304 1500 ita
328 1437 369 1500 ali
395 1459 436 1500 ua
452 1460 526 1522 spes
550 1448 608 1517 est,
632 1438 659 1501 si
675 1459 757 1517 eam,
781 1459 879 1523 quem
901 1438 943 1500 ad
967 1439 1100 1502 modum
1122 1447 1160 1502 ut
1174 1440 1283 1502 victor

143 1525 209 1589 fert
231 1460 407 1602 Hanniball,
443 1524 489 1587 sic
526 1545 585 1588 vos
608 1533 645 1586 ut
674 1525 753 1588 victi
785 1523 934 1605 audietis,
969 1535 1003 1588 et
1023 1546 1090 1588 non
1111 1523 1157 1607 id,
1190 1524 1280 1608 quod

145 1611 311 1693 amittitur,
333 1611 366 1671 in
390 1609 517 1690 damno,
542 1631 616 1672 cum
640 1610 748 1671 omnia
769 1609 902 1675 victoris
926 1610 998 1691 sint,
1032 1610 1089 1675 sed
1115 1610 1279 1696 quidquid

109 1696 339 1781 orelinquitur
369 1716 429 1780 pro
460 1717 595 1759 munere
618 1695 759 1758 habituri
783 1697 869 1759 estis.
901 1696 1017 1760 urbem
1040 1695 1145 1779 vobis,
1180 1718 1278 1782 quam

146 1805 189 1846 ex
211 1804 329 1865 magna
351 1789 445 1865 parte
469 1782 618 1857 dirutam,
643 1792 772 1865 captam
794 1781 862 1845 fere
885 1790 988 1845 totam
1011 1780 1121 1864 habet,
1151 1782 1276 1862 adimit,

144 1890 241 1952 agros
264 1867 425 1951 relinquit,
447 1866 555 1931 locum
572 1867 809 1950 adsignaturus,
833 1868 865 1931 in
910 1889 952 1930 uo
976 1889 1096 1933 novum
1120 1868 1280 1953 oppidum

145 1953 333 2018 aedificetis.
358 1975 471 2016 aurum
489 1962 521 2016 et
536 1962 706 2036 argentum
724 1975 828 2034 omne,
851 1890 1021 2038 pullicum
1036 1955 1280 2039 privatumque,

110 2064 124 2111 7
146 2041 187 2103 ad
211 2062 246 2103 se
269 2039 360 2103 iubet
384 2038 516 2119 deferri3
540 2060 681 2124 corpora
696 2048 815 2123 vestra,
840 2040 1013 2123 coniugum
1037 2061 1075 2102 ac
1096 2038 1279 2103 liberorum

144 2136 330 2191 vestrorum
353 2134 463 2188 servat
478 2123 642 2206 inviolata,
666 2125 694 2187 si
716 2126 856 2190 inermes
878 2147 953 2189 cum
975 2124 1060 2189 binis
1075 2125 1281 2190 vestimentis

84 2237 127 2289 με
144 2211 251 2277 velitis
275 2210 315 2274 ab
339 2209 484 2293 Sagunto
513 2211 613 2275 exire.
645 2209 727 2274 haec
749 2211 853 2275 victor
875 2210 977 2274 hostis
1000 2211 1154 2296 imperat;
1186 2211 1280 2295 haec,

74 2295 109 2315 “
145 2318 341 2384 quamquam
366 2306 440 2360 sunt
462 2297 574 2380 gravia
605 2305 703 2381 atque
727 2297 855 2379 acerba,
886 2297 1017 2360 fortuna
1048 2306 1159 2362 vestra
1180 2297 1279 2362 vobis

145 2383 271 2447 suadet.
296 2383 449 2468 equidem
482 2381 571 2446 haud
604 2383 754 2466 despero,
787 2405 860 2447 cum
895 2383 1037 2447 omnium
1068 2393 1217 2469 potestas
1249 2382 1280 2447 ei

108 2469 229 2544 efacta
250 2469 299 2544 sit,
333 2468 455 2555 aliquid
487 2491 529 2532 ex
561 2468 610 2533 his
641 2467 740 2532 rebus
771 2471 997 2550 remissurum
1028 2470 1088 2535 sed
1118 2468 1174 2533 vel
1198 2469 1280 2535 haec

143 2555 297 2643 patienda
319 2577 435 2620 censeo
458 2557 575 2641 potius,
605 2577 702 2642 quam
724 2556 880 2619 trucidari
903 2577 1042 2640 corpora
1062 2565 1183 2631 vestra,
1208 2555 1281 2642 rapi

143 2641 293 2727 trahique
332 2651 406 2705 ante
444 2663 501 2705 ora
531 2650 641 2705 vestra
677 2641 832 2724 coniuges
869 2664 909 2707 ac
941 2639 1062 2706 liberos
1095 2640 1176 2706 belli
1208 2642 1281 2706 iure

144 2727 287 2792 sinatis“.

108 2840 123 2888 1
246 2810 339 2874 XIV.
351 2809 404 2872 Ad
419 2809 501 2875 haec
518 2811 681 2876 audienda
696 2835 771 2876 cum
786 2811 983 2877 circumfusa
996 2811 1154 2900 paulatim
1169 2811 1277 2878 multi·

142 2897 256 2962 tudine
287 2897 484 2982 permixtum
516 2899 640 2961 senatui
672 2907 758 2962 esset
786 2896 899 2984 populi
931 2896 1112 2982 concilium,
1145 2908 1281 2985 repente

142 2983 302 3070 primores
313 2983 494 3046 secessione
504 2983 598 3066 facta,
608 2985 798 3070 priusquam
806 3005 999 3069 responsum
1012 2984 1153 3066 daretur,
1166 3005 1280 3068 argen-

50 3085 54 3093 '
142 3079 211 3134 tum
222 3090 401 3154 aurumque
418 3090 513 3132 omne
529 3090 571 3132 ex
585 3069 716 3157 publico
732 3071 925 3157 privatoque
940 3071 972 3132 in
988 3069 1094 3135 forum
1114 3070 1280 3135 conlatum

143 3155 307 3238 inignem
340 3154 439 3218 adid
465 3156 581 3240 raptim
602 3155 724 3220 factum
755 3157 950 3221 conicientes
981 3157 1098 3221 eodem
1127 3155 1279 3243 plerique

108 3270 123 3317 2
144 3251 247 3306 semet
268 3242 330 3328 ipsi
356 3242 661 3327 praecipitaverunt.
694 3264 768 3306 cum
791 3264 834 3305 ex
857 3264 895 3306 eo
917 3261 1021 3328 pavor
1043 3264 1082 3306 ac
1103 3242 1281 3331 trepidatio

143 3336 244 3392 totam
274 3326 391 3392 urbem
423 3328 630 3413 pervasisset,
662 3325 744 3391 alius
776 3328 908 3415 insuper
940 3327 1096 3393 tumultus
1128 3350 1171 3392 ex
1204 3350 1280 3394 arco

145 3413 283 3477 auditur,
311 3414 409 3476 turris
433 3413 489 3476 diu
511 3419 664 3499 quassata
684 3413 879 3500 prociderat,
912 3436 1037 3500 perque
1059 3414 1187 3480 ruinam
1211 3416 1280 3479 eius

144 3498 261 3564 cohors
284 3498 468 3563 Poenorum
490 3500 613 3585 impetu
634 3499 719 3563 facto
754 3523 829 3564 cum
851 3501 979 3583 signum
1010 3501 1198 3586 imperatori
1224 3501 1278 3563 de·

144 3583 246 3649 disset
267 3585 421 3648 nudatam
457 3585 647 3650 stationibus
670 3586 888 3671 custodiisque
911 3585 1012 3650 solitis
1044 3585 1185 3652 hostium
1208 3608 1280 3651 esse

109 3669 269 3752 turbem,
300 3692 364 3734 non
397 3671 615 3736 cunctandum
647 3671 680 3734 in
707 3669 762 3735 tali
797 3672 966 3736 occasione
988 3681 1077 3737 ratus
1102 3671 1277 3749 Hannibal,

143 3757 218 3820 totis
242 3756 366 3820 viribus
400 3757 572 3838 adgressus
604 3756 720 3820 urbem
753 3766 917 3822 momento
946 3759 1040 3844 cepit,
1074 3758 1167 3842 signo
1191 3759 1278 3836 dato,

143 3852 181 3905 ut
202 3863 314 3906 omnes
342 3841 487 3928 puberes
519 3842 784 3907 interficerentur.
817 3844 905 3931 quod
938 3843 1112 3930 imperium
1134 3843 1278 3925 crudele,
