2738 4146
509 149 692 199 PERIOCHA
709 150 807 200 LIBRI
823 155 859 202 11.
1221 140 1279 198 107

95 315 287 381 circumfusi
310 317 385 382 duci
406 318 627 384 vociferantur
649 343 685 384 se
708 331 783 385 ante
799 322 890 404 signa
905 323 1017 387 ituros.
1043 324 1119 387 dum
1137 345 1230 388 cunc·

96 413 189 467 tatur
212 403 324 467 consul
346 406 467 469 virtute
491 404 627 468 militum
651 406 765 487 fretus,
790 407 861 471 loco
885 431 1001 492 parum
1016 407 1133 490 fidens,
1157 432 1230 473 con-

71 487 242 558 ¹clamant
272 507 307 554 se
339 490 453 574 ituros,
491 489 732 578 clamoremque
765 516 817 557 res
851 504 901 558 est
932 504 1053 560 secuta.
1090 495 1165 558 fixis
1199 498 1232 559 in

96 585 221 640 terram
244 575 327 661 pilis,
362 599 426 663 quo
449 574 590 643 leviores
614 579 717 642 ardua
748 579 933 662 evaderent,
963 603 1058 644 cursu
1082 580 1231 645 subeunt.

97 660 243 728 Volscus
268 662 377 726 effusis
400 663 443 726 ad
476 665 616 750 primum
648 666 806 749 impetum
839 666 1014 730 missilibus
1047 665 1120 730 telis
1152 689 1269 736 saxat

97 747 285 812 obiacentia
309 749 448 833 pedibus
471 751 590 832 ingerit
621 750 654 812 in
677 749 853 815 subeuntes
876 752 1090 839 turbatosque
1113 752 1231 816 ictibus

96 833 224 898 crebris
255 844 351 916 urget
378 857 422 900 ex
444 837 613 922 superiore
643 834 726 900 loco.
765 838 811 900 sic
841 861 944 922 prope
982 848 1150 902 oneratum
1183 849 1232 902 est

96 920 264 984 sinistrum
287 921 442 985 Romanis
465 943 576 1003 cornu,
598 922 631 984 ni
654 922 871 987 referentibus
887 925 949 986 iam
966 924 1103 1006 gradum
1120 924 1232 988 consul

96 1006 301 1092 increpando
326 1005 423 1094 simul
444 1009 660 1071 temeritatem
677 1007 772 1070 simul
789 1011 949 1092 ignaviam
966 1010 1092 1093 pudore
1109 1020 1231 1075 metum

96 1093 308 1156 excussisset.
342 1094 491 1157 restitere
523 1095 628 1176 primo
664 1093 832 1158 obstinatis
865 1093 995 1176 animis3
1034 1095 1163 1178 deinde,
1196 1106 1270 1175 ut5

97 1177 284 1241 obtinentes
323 1176 438 1242 locum.
468 1180 557 1244 vires
589 1178 784 1256 refecerant,
823 1181 945 1245 audent
975 1180 1061 1245 ultro
1094 1182 1231 1266 gradum

96 1263 220 1327 inferre
244 1273 276 1328 et
299 1263 441 1330 clamore
464 1274 622 1330 renovato
646 1273 856 1330 commovent
878 1268 997 1346 aciem3
1026 1276 1094 1338 tum
1118 1291 1230 1332 rursus

98 1350 225 1435 impetu
248 1359 344 1436 capto
368 1352 534 1414 enituntur
567 1362 664 1437 atque
698 1362 898 1436 exsuperant
929 1354 1133 1438 iniquitatem
1157 1353 1231 1418 loci.

96 1437 162 1498 iam
186 1457 290 1521 prope
314 1445 393 1519 erat,
417 1447 454 1500 ut
475 1439 508 1499 in
532 1460 693 1500 summum
718 1438 792 1502 clivi
814 1440 924 1521 iugum
950 1440 1137 1523 evaderent,
1158 1461 1267 1519 cume

93 1531 191 1604 terga
222 1520 333 1586 hostes
367 1523 489 1587 dedere
524 1523 692 1608 effusoque
725 1546 823 1587 cursu
856 1546 960 1608 paene
997 1526 1128 1607 agmine
1167 1548 1230 1588 uno

93 1607 260 1692 fugientes
283 1619 523 1695 sequentesque
546 1611 659 1672 castris
683 1610 836 1674 incidere.
860 1612 892 1674 in
918 1633 956 1675 eo
980 1633 1102 1693 pavore
1126 1621 1232 1674 castra

94 1695 281 1778 capiuntur.
307 1695 362 1778 qui
378 1692 571 1759 Volscorum
596 1695 738 1779 effugere
753 1705 939 1780 potuerunt,
955 1695 1088 1759 Antium
1106 1706 1229 1781 petunt.

94 1777 233 1844 Antium
258 1788 290 1844 et
312 1780 479 1844 Romanus
501 1781 663 1845 exercitus
687 1783 812 1845 ductus.
838 1804 958 1866 paucos
983 1783 1231 1846 circumsessum
1253 1819 1267 1867 7

95 1866 169 1929 dies
194 1866 336 1946 deditur,
371 1865 460 1930 nulla
491 1869 747 1952 oppugnantium
780 1888 866 1932 nova
897 1869 940 1949 vi,
972 1868 1028 1931 sed
1055 1868 1231 1953 quodiam

94 1952 176 2015 inde
201 1951 241 2015 ab
265 1949 385 2015 infelici
407 1975 517 2038 pugna
540 1955 721 2039 castrisque
749 1954 875 2016 amissis
907 1954 1094 2018 ceciderant
1123 1955 1230 2018 animi.

586 2159 791 2172 *uu-

370 2383 709 2458 PERIOCHA
737 2372 916 2460 LIBRI
943 2385 1001 2459 Π.

200 2551 323 2616 Brutus
345 2553 416 2616 iure
439 2552 575 2617 iurando
600 2552 756 2638 populum
781 2554 954 2618 adstrinxit
975 2554 1137 2617 neminem
1156 2553 1280 2618 Romae

90 2661 235 2722 regnare
267 2659 449 2721 passurum.
488 2637 702 2724 Tarquinium
736 2637 940 2703 Conlatinum
980 2639 1149 2722 conlegam
1186 2663 1279 2704 suum

89 2733 232 2811 propter
254 2723 457 2787 adfinitatem
480 2724 734 2810 Tarquiniorum
767 2734 954 2809 suspectum
979 2727 1086 2809 coegit
1109 2725 1281 2790 consulatu

90 2833 128 2875 se
153 2810 308 2874 abdicare
332 2820 365 2874 et
387 2811 519 2876 civitate
543 2811 670 2877 cedere.
694 2810 781 2874 bona
803 2834 919 2895 regum
935 2811 1033 2896 diripi
1048 2814 1149 2892 iussit,
1167 2834 1280 2894 agrum

89 2897 192 2961 Marti
215 2897 427 2979 consecravit,
462 2897 518 2981 qui
551 2918 685 2982 campus
708 2897 845 2961 Martius
868 2899 1051 2962 nominatus
1076 2908 1134 2962 est.
1168 2896 1279 2962 adule-

91 2992 223 3048 scentes
247 2981 385 3065 nobiles‚
418 2984 452 3045 in
485 2982 603 3068 quibus
627 3005 703 3047 suos
727 3004 859 3069 quoque
883 2993 916 3047 et
936 2984 1045 3047 fratris
1076 2982 1170 3067 filios,
1204 2985 1280 3068 quia

93 3071 349 3134 coniuraverant
371 3068 413 3132 de
435 3069 633 3154 recipiendis
656 3068 799 3151 regibus,
831 3069 939 3134 securi
971 3072 1140 3155 percussit.
1182 3092 1277 3134 servo

90 3155 203 3238 indici,
239 3156 292 3219 cui
314 3154 467 3218 Vindicio
501 3177 620 3218 nomen
654 3154 724 3236 fuit,
756 3153 941 3220 libertatem
976 3156 1080 3236 dedit3
1113 3177 1156 3219 ex
1187 3157 1279 3220 cuius

89 3242 222 3305 nomine
246 3241 389 3304 vindicta
412 3239 585 3325 appellata.
610 3263 685 3304 cum
708 3241 866 3305 adversus
888 3264 993 3324 reges,
1024 3243 1079 3326 qui
1102 3243 1277 3306 contractis

90 3327 268 3391 Veientum
285 3336 317 3391 et
332 3326 617 3412 Tarquiniensium
634 3329 736 3410 copiis
752 3325 874 3391 bellum
890 3326 1075 3410 intulerant,
1098 3329 1276 3391 exercitum

91 3413 253 3495 duxisset,
286 3414 319 3476 in
351 3414 422 3477 acie
446 3434 518 3476 cum
541 3412 685 3476 Arrunte
712 3412 779 3476 filio
804 3412 944 3497 Superbi
968 3422 1187 3477 commortuus
1211 3423 1275 3493 est3

91 3520 234 3586 eumque
257 3508 428 3565 matronae
451 3521 534 3563 anno
558 3499 720 3563 luxerunt.
743 3499 781 3563 P.
805 3499 956 3563 Valerius
979 3497 1091 3563 consul
1113 3497 1220 3583 legem
1236 3501 1277 3562 de

114 3586 328 3651 revocatione
366 3584 408 3648 ad
446 3583 604 3670 populum
641 3583 724 3649 tulit.
764 3583 959 3669 Capitolium
997 3585 1184 3648 dedicatum
1217 3595 1275 3650 est.

90 3609 263 3752 Torsinmu
296 3669 504 3738 Clusinorum
525 3693 596 3754 rex,
627 3669 715 3734 bello
738 3693 797 3755 pro
821 3671 1005 3757 Tarquiniis
1029 3680 1180 3756 suscepto
1205 3694 1274 3734 cum

91 3759 134 3824 ad
157 3756 341 3823 Ianiculum
375 3758 528 3841 venisset,
560 3779 601 3820 ne
624 3757 768 3821 Tiberim
800 3760 965 3842 transiret,
991 3757 1120 3820 uirtute
1145 3755 1294 3844 Coelius

91 3844 225 3913 Horatii
247 3843 432 3929 prohibitus
456 3853 515 3930 est,
539 3844 603 3932 qui,
635 3843 715 3910 dum
738 3842 795 3910 alii
815 3854 960 3933 pontem
981 3842 1170 3907 sublicium
1187 3850 1317 3894 resem-

516 4062 529 4091 b
