2738 4146
322 109 432 159 urana
448 111 534 162 111111.
553 111 629 162 oar.
648 115 690 163 aa.
709 112 750 163 14.
768 114 809 162 os.
829 110 863 178 [a.
881 112 914 162 11.
933 128 955 162 0.
974 111 1044 180 11η.
1212 98 1271 156 185

87 281 180 346 dixit.
211 283 252 345 iis
274 282 352 345 vitio
377 285 493 346 creatis
516 283 677 368 iussisque
701 283 891 369 diequarte
916 282 1041 346 decimo
1065 305 1101 346 se
1122 283 1273 366 magi-12

89 379 193 433 stratu
212 367 376 448 abdicare,
400 368 441 430 ad
464 370 683 450 interregnum
705 391 757 432 res
780 369 885 432 rediit.

191 453 352 517 XXXIV.
390 451 585 519 Consulibus
611 465 822 537 prorogatum
844 454 876 515 in
899 476 1016 517 annum
1041 455 1220 537 imperium.
1244 473 1257 521 1

90 540 268 623 interreges
300 539 420 624 proditi
453 548 527 604 sunt
553 561 574 604 a
603 539 750 625 patribus
774 538 809 603 O.
835 538 992 602 Claudius
1015 539 1114 624 Appii
1137 539 1221 603 filius

91 624 206 708 Cento,
239 625 314 688 inde
338 625 374 688 P.
399 623 568 689 Cornelius
591 627 701 688 Asina.
726 627 757 690 in
782 628 851 689 eius
882 627 1068 694 interregno
1093 627 1222 689 comitia

90 711 200 775 habita
234 732 351 794 magno
384 713 562 775 certamine
593 721 723 794 patrum
755 731 795 774 ac
831 709 946 794 plebis.
994 708 1029 774 O.
1067 709 1259 778 Terentioa

91 797 241 880 Varroni,
265 817 362 881 quem
383 797 432 861 sui
453 798 581 880 generis
596 795 769 874 hominem,
792 794 880 880 plebi
903 797 1112 860 insectatione
1134 799 1220 881 prin-

92 884 201 968 cipum
216 882 494 968 popularibusque
511 882 634 946 artibus
651 881 864 963 conciliatum,
880 881 922 944 ab
940 880 979 960 Q.
995 881 1090 945 Fabii
1106 883 1221 966 opibus

93 980 123 1032 et
150 969 323 1032 dictatorio
355 970 490 1052 imperio
520 989 678 1031 concusso
711 967 816 1032 aliena
842 968 964 1031 invidia
987 967 1221 1051 splendentem,

93 1053 209 1138 vulgus
241 1052 415 1118 extrahere
448 1053 492 1117 ad
524 1053 723 1118 consulatum
754 1053 926 1137 nitebatur,
959 1065 1068 1137 patres
1099 1075 1223 1117 summa

95 1162 154 1225 ope
187 1139 371 1222 obstabant,
404 1161 445 1202 ne
472 1161 509 1203 se
535 1140 725 1203 insectando
754 1139 816 1203 sibi
838 1141 972 1225 aequari
993 1140 1223 1204 adsuescerent

95 1225 249 1290 homines.
297 1224 336 1304 Q.
359 1225 502 1288 Baebius
526 1226 708 1290 Herennius
736 1225 885 1288 tribunus
916 1224 1033 1309 plebis,
1065 1234 1258 1309 cognatuso

97 1310 128 1376 Ο.
139 1309 295 1394 Terentii,
312 1311 511 1375 criminando
527 1333 593 1376 non
608 1321 756 1375 senatum
772 1311 868 1374 modo
884 1311 1055 1373 sedetiam
1072 1332 1221 1394 augures,

96 1397 179 1481 quod
197 1397 389 1461 dictatorem
407 1396 649 1482 prohibuissent
664 1398 794 1460 comitia
809 1395 977 1480 perficere,
994 1419 1053 1480 per
1068 1398 1222 1461 invidiam

97 1503 205 1547 eorum
243 1482 388 1546 savorem
420 1483 594 1546 candidato
628 1505 685 1546 suo
719 1480 926 1546 conciliabat:
964 1482 1005 1545 ab
1038 1482 1258 1551 hominibus4

96 1567 256 1632 nobilibus
278 1590 339 1654 per
361 1567 478 1632 multos
500 1589 602 1631 annos
618 1567 741 1632 bellum
757 1566 989 1653 quaerentibus
1003 1567 1221 1631 Hannibalem

96 1654 124 1716 11
145 1652 274 1718 Italiam
289 1654 479 1734 adductum3
502 1653 542 1717 ab
562 1654 688 1736 iisdem,
711 1676 783 1716 oum
801 1653 955 1717 debellari
973 1656 1083 1737 possit,
1106 1653 1222 1718 fraude

97 1737 215 1803 bellum
246 1738 342 1802 111111.
388 1761 460 1803 oum
498 1751 650 1824 quattuor
681 1739 862 1822 legionibus
894 1741 1052 1802 universis
1083 1742 1257 1823 pugnaris

115 1846 249 1911 1011111
280 1846 376 1908 10111
408 1827 611 1912 apparuisset
642 1846 691 1906 eo,
725 1825 812 1911 quod
836 1824 880 1889 M.
904 1825 1065 1887 Minucius
1088 1825 1257 1896 absentee

96 1847 197 1974 labio
230 1933 388 1995 prospere
419 1920 605 1997 pugnasset,
640 1911 719 1974 duas
746 1910 891 1994 legiones
915 1911 999 1974 hosti
1022 1911 1065 1973 ad
1088 1912 1222 1975 caedem

96 1997 245 2076 obiectas,
270 1997 388 2060 deinde
411 2019 453 2061 ex
474 1993 545 2076 ipsa
567 1996 667 2060 caede
683 2008 821 2080 ereptas,
844 2007 880 2060 ut
895 2006 989 2080 pater
1003 2006 1222 2082 patronusque

96 2082 321 2168 appellaretur.
355 2083 410 2167 qui
432 2085 521 2167 prius
543 2084 674 2146 vincere
698 2081 917 2166 prohibuisset
940 2082 1101 2146 Romanos
1125 2104 1222 2168 quam

95 2170 188 2233 vinci.
214 2166 363 2231 consules
374 2168 490 2231 deinde
500 2167 653 2232 Fabianis
664 2167 797 2250 artibus,
814 2167 1064 2232 cumdebellare
1080 2179 1221 2252 possent,
1243 2176 1258 2224 7

95 2252 213 2318 bellum
236 2255 386 2318 traxisse.
431 2254 464 2316 id
488 2253 602 2317 foedus
626 2255 710 2317 inter
732 2276 843 2317 omnes
867 2252 992 2317 nobiles
1019 2255 1129 2336 ictum,
1161 2276 1222 2318 nec

94 2338 188 2404 finem
211 2349 286 2402 ante
309 2339 386 2403 belli
408 2338 586 2418 habituros,
618 2361 715 2423 quam
744 2338 908 2403 consulem
937 2361 1016 2403 vere
1047 2339 1221 2421 plebeium,

94 2425 123 2487 id
149 2434 198 2488 est
221 2424 385 2488 hominem
405 2446 536 2506 novum,
559 2425 726 2489 fecissent:
749 2446 824 2487 nam
846 2424 993 2509 plebeios
1010 2424 1135 2488 nobiles
1158 2428 1221 2486 iam
1240 2434 1256 2481 8

95 2512 215 2575 eisdem
238 2511 380 2573 initiatos
403 2533 473 2574 1111
497 2513 595 2574 sacris
619 2522 651 2575 et
674 2520 879 2575 contemnere
910 2509 1049 2595 plebem,
1083 2531 1126 2574 ex
1157 2531 1221 2595 quo

95 2598 255 2661 contemni
281 2618 301 2657 a
327 2597 474 2681 patribus
499 2598 664 2680 desierint,
696 2597 851 2681 coepisse.
889 2599 940 2659 cui
962 2617 1027 2659 non
1050 2606 1256 2682 appareres

93 2682 124 2746 id
146 2692 256 2745 actum
279 2692 312 2746 et
335 2684 514 2767 quaesitum
538 2704 619 2766 esse,
653 2692 689 2745 111
710 2685 930 2764 interregnum
951 2682 1095 2766 iniretur,
1125 2691 1163 2746 ut
1188 2683 1220 2747 11

94 2779 222 2853 patrum
243 2777 405 2853 potestate
426 2770 557 2831 comitia
572 2769 703 2832 essent?
725 2769 759 2831 id
775 2767 925 2832 consules
941 2769 1054 2831 ambos
1070 2769 1112 2832 ad
1129 2791 1220 2833 exer·
1241 2779 1274 2828 10

94 2855 192 2917 citum
215 2854 372 2918 morando
395 2855 573 2938 quaesisse;
596 2855 629 2916 id
654 2864 776 2936 postea,
800 2856 875 2940 quia
895 2854 1003 2916 invitis
1025 2855 1063 2917 iis
1084 2855 1222 2918 dictator

94 2950 178 3004 esset
194 2939 298 3003 dictus
314 2941 514 3003 comitiorum
531 2963 637 3019 causa,
655 2953 876 3023 expugnatum
893 2962 973 3021 esse,
997 2962 1070 3003 cum
1087 2942 1221 3004 vitiosus

95 3025 232 3089 dictator
254 3046 315 3110 per
335 3047 475 3109 augures
498 3025 600 3089 fieret.
640 3026 762 3089 babere
784 3027 882 3107 igitur
905 3027 1125 3108 interregnum
1149 3047 1220 3098 eos;
1240 3037 1271 3085 11

94 3111 296 3175 consulatum
326 3133 426 3176 unum
458 3121 546 3175 certe
568 3110 674 3195 plebis
697 3111 861 3174 Romanae
885 3132 966 3189 esse,
1001 3131 1033 3173 et
1064 3110 1222 3195 populum

93 3190 230 3261 liberum
252 3195 439 3261 habiturum
461 3219 501 3261 ac
524 3199 674 3262 daturum
697 3198 736 3277 ei,
760 3198 816 3282 qui
838 3210 962 3258 mature
978 3197 1108 3259 vincere
1125 3219 1222 3281 quam

94 3283 147 3348 diu
168 3285 332 3366 imperare
354 3281 454 3346 malit.
921 3295 923 3299 ’

193 3367 336 3431 XXXV.
361 3366 443 3432 Oum
466 3367 515 3432 his
532 3368 729 3431 orationibus
745 3390 882 3432 accensa
896 3367 989 3453 plebs
1006 3376 1101 3445 esset,
1117 3366 1222 3430 tribus
1245 3381 1258 3428 1

93 3456 234 3540 patriciis
250 3455 445 3537 petentibus,
467 3453 503 3518 P.
521 3453 670 3518 Cornelio
687 3454 853 3530 Merenda,
874 3453 912 3515 L.
930 3451 1049 3515 Manlio
1068 3452 1221 3534 Vulsone,

93 3539 135 3604 M.
150 3539 291 3605 Aemilio
307 3540 445 3627 Lepido,
470 3539 597 3604 duobus
612 3540 769 3604 nobilium
790 3543 854 3602 iam
869 3538 1064 3602 familiarum
1086 3537 1222 3623 plebeis,
1243 3553 1260 3602 1

94 3624 252 3691 (11111110
276 3625 414 3690 Serrano
439 3635 471 3690 et
495 3624 534 3704 Q.
558 3624 653 3690 'Aelio
677 3626 786 3709 Paeto,
812 3647 950 3711 quorum
972 3623 1053 3687 alter
1074 3622 1223 3709 pontifex

94 3711 172 3777 alter
202 3733 307 3792 augur
338 3722 416 3795 1111,
449 3709 485 3776 O.
509 3712 681 3776 Terentius
713 3712 825 3776 consul
855 3733 938 3774 unus
961 3718 1099 3792 creatur,
1131 3718 1168 3773 ut
1189 3710 1223 3773 in

94 3820 188 3862 manu
211 3799 280 3862 eius
303 3808 411 3862 essent
440 3798 569 3861 comitia
598 3798 743 3883 rogando
776 3797 941 3880 conlegae.
986 3804 1054 3859 tum
1087 3805 1260 3880 expertas

1203 4030 1206 4035 ’
1260 4046 1291 4076 ..ι
