2738 4146
116 105 158 164 30
366 121 474 170 arana
493 123 513 170 1.
534 120 609 170 oar.
630 123 672 171 aa.
691 123 732 172 aa.
753 118 787 186 [a.
805 120 839 172 u
857 135 881 172 a
901 119 1046 187 rra-rae]

167 289 271 355 ferme
306 291 417 355 verbis
455 300 566 376 patres
602 290 806 354 consulebat:
847 312 1005 376 ,quarum
1037 311 1158 372 rerum,
1194 287 1301 356 litium

168 398 267 440 causa
283 378 428 440 condixit
451 387 545 462 pater
560 386 706 461 patratus
729 375 843 463 populi
859 377 997 439 Romani
1014 375 1189 455 Quiritium
1213 378 1302 462 patri

168 472 296 547 patrato
320 463 504 527 Priscorum
532 462 719 526 Latinorum
744 463 996 548 hominibusque
1018 462 1138 526 Priscis
1161 462 1300 548 Latinis,

170 570 250 634 quas
273 571 326 612 res
349 571 411 612 nec
429 549 590 612 dederunt
611 571 673 612 nec
689 548 855 612 solverunt
873 571 934 612 nec
956 549 1114 649 fecerunt,
1138 570 1219 636 quas
1241 571 1299 614 res

171 635 251 713 dari,
275 635 367 716 solvi,
384 635 454 698 fieri
478 635 631 720 oportuit,
656 633 726 698 dic“
752 636 856 719 inquit
879 636 918 718 ei,
967 657 1039 698 uem
1063 657 1204 720 prunum
1227 658 1301 702 sen·

117 722 302 787 latentiam
325 721 472 804 rogabat,
511 722 608 806 ,quid
643 719 799 785 censes?“
834 731 901 784 tum
936 657 1005 784 ille:
1040 742 1142 806 ,puro
1176 721 1300 808 pioque

168 805 277 870 duello
301 809 505 892 quaerendas
538 828 655 870 censeo
690 809 800 892 itaque
832 809 997 870 consentio
1030 808 1298 895 consciscoque“.

167 892 243 956 inde
267 893 380 957 ordine
404 892 458 956 alii
482 892 695 976 rogabantur,
724 893 923 978 quandoque
945 914 1022 979 pars
1045 894 1149 957 maior
1172 915 1298 979 eorum,

168 980 223 1063 qui
245 980 390 1060 aderant,
413 981 447 1042 in
470 979 607 1043 eandem
632 981 824 1042 sententIam
856 979 934 1060 ibat,
971 977 1093 1043 bellum
1116 989 1186 1044 erat
1221 1001 1297 1045 con·

167 1086 307 1130 sensum.
336 1065 407 1129 fieri
435 1063 575 1146 solitum,
609 1074 646 1127 ut
676 1063 794 1128 fetialis
817 1066 943 1129 hastam
967 1064 1122 1129 ferratam
1144 1074 1201 1130 aut
1223 1088 1297 1130 san-

166 1153 316 1233 guineam
350 1160 538 1236 praeustam
571 1151 612 1213 ad
644 1150 725 1214 fines
757 1173 868 1214 eorum
891 1151 992 1215 ferret
1023 1162 1056 1215 et
1088 1173 1152 1215 non
1187 1152 1297 1216 minu‘s

115 1249 147 1297 13
165 1237 269 1300 tribus
303 1236 482 1322 puberibus
516 1236 742 1321 praesentibus
771 1237 906 1301 diceret:
941 1236 1047 1322 „quod
1079 1237 1194 1323 populi
1225 1237 1297 1302 Pri·

166 1345 295 1386 scorum
311 1323 499 1386 Latinorum
519 1324 732 1409 hominesque
754 1322 857 1387 Prisci
879 1323 986 1386 Latini
1008 1323 1166 1387 adversus
1188 1345 1296 1410 popu-

164 1407 229 1472 lum
254 1409 435 1472 Romanum
460 1408 633 1488 Quiritium
657 1408 813 1491 fecerunt,
838 1407 1054 1493 deliquerunt,
1078 1409 1167 1494 quod
1189 1431 1296 1496 popu·

165 1493 213 1558 lus
241 1494 405 1558 Romanus
430 1494 602 1573 Quiritium
639 1494 760 1558 bellum
793 1517 866 1558 cum
900 1494 1019 1559 Priscis
1042 1495 1166 1560 Latinis
1200 1495 1296 1561 iussit

165 1603 236 1644 esse
253 1591 447 1666 senatusque
496 1580 585 1666 opuli
606 1580 743 1644 Romani
765 1580 936 1660 Quiritium
961 1581 1095 1662 censuit,
1120 1584 1294 1666 consensit,

166 1667 331 1748 conscivit,
355 1677 391 1729 ut
413 1605 534 1730 bellirm
559 1688 631 1730 cum
648 1667 767 1729 Priscis
783 1666 908 1730 Latinis
931 1665 1034 1745 fieret,
1058 1666 1100 1730 ob
1126 1689 1197 1732 eam
1221 1689 1294 1732 rem

166 1774 225 1835 ego
249 1752 458 1838 populusque
481 1753 645 1815 Romanus
667 1751 799 1838 populis
815 1753 1001 1816 Priscorum
1024 1752 1213 1818 LatInorum
1237 1752 1294 1818 ho·
1357 1826 1360 1832 ,

164 1838 370 1923 minibusque
392 1838 513 1902 Priscis
536 1839 660 1902 Latinis
691 1837 812 1902 bellum
834 1838 940 1902 indico
964 1837 1143 1923 facioque.“
1178 1839 1213 1903 id
1236 1839 1296 1904 ubi

113 1938 147 1985 14
166 1925 310 2005 dixisset,
335 1925 461 1989 hastam
476 1927 509 1988 in
531 1924 613 1988 fines
630 1946 743 1987 eorum
759 1923 934 1988 emittebat.
958 1924 1022 1988 hoc
1044 1933 1112 1989 tum
1128 1925 1226 1990 modo
1250 1925 1293 1990 ab

165 2010 288 2073 Latinis
311 2011 470 2095 repetitae
502 2033 554 2074 res
581 2009 764 2078 nobellum
796 2011 962 2092 indictum,
994 2032 1184 2097 moremque
1216 2034 1292 2076 eum

164 2096 287 2181 posteri
311 2105 515 2181 acceperunt.

63 2195 95 2266 q
130 2198 144 2244 1
266 2181 428 2245 XXXIII.
460 2183 573 2245 Ancus
597 2181 793 2244 demandata
816 2203 893 2244 cura
916 2202 1082 2245 sacrorum
1104 2181 1293 2248 flaminibus

165 2267 454 2353 sacerdotibusque
491 2267 572 2349 aliis,
610 2269 756 2331 exercitu
793 2289 878 2331 novo
911 2269 1095 2353 conscripto
1127 2267 1293 2354 profectus

136 2426 137 2430 η
163 2351 362 2435 Politorium,
386 2354 502 2417 urbem
525 2354 726 2435 Latinorum,
759 2353 792 2417 vi
825 2354 911 2439 cepit
942 2363 1074 2418 secutus
1099 2375 1140 2419 ue
1166 2376 1291 2420 morem

162 2461 276 2522 regum
299 2443 455 2525 priorum,
489 2442 543 2526 qui
574 2463 642 2503 rem
677 2439 856 2502 Romanam
890 2442 1049 2503 auxerant
1076 2377 1230 2505 lontibus
1259 2443 1292 2504 in

128 2543 144 2590 2
164 2527 326 2591 civitatem
351 2527 558 2612 accipiendis,
582 2525 821 2589 multitudinem
838 2547 966 2590 omnem
983 2525 1119 2589 Romam
1135 2526 1290 2592 traduxit.

164 2621 195 2674 et
218 2633 290 2674 cum
315 2613 402 2675 circa
424 2611 595 2690 Palatium,
620 2612 732 2675 sedem
754 2620 903 2676 veterum
924 2611 1154 2695 Romanorum,
1178 2611 1292 2677 Sabini

163 2695 360 2782 Capitolium
385 2708 482 2782 atque
505 2721 623 2777 arcem,
641 2695 789 2761 Caelium
804 2706 947 2761 montem
963 2696 1085 2761 Albani
1100 2699 1132 2761 in
1158 2697 1290 2774 lessent,

162 2781 361 2846 Aventinum
385 2805 491 2847 novae
513 2783 712 2847 multitudini
736 2782 857 2846 datum.
873 2783 975 2847 additi
996 2784 1112 2848 eodem
1134 2721 1223 2848 baud
1244 2786 1292 2849 ita

72 2940 74 2944 μ
125 2875 143 2933 '8
162 2867 263 2932 multo
287 2879 371 2953 post,
395 2868 537 2934 Tellenis
560 2870 746 2954 Ficanaque
778 2870 892 2952 captis,
923 2871 999 2934 novi
1031 2871 1129 2935 cives.
1172 2868 1291 2934 Polito-

160 2955 244 3017 rium
268 2955 344 3018 inde
359 2977 471 3018 rursus
491 2954 577 3020 bello
593 2957 775 3041 repetitum,
793 2955 881 3040 quod
895 2977 1033 3020 vacuum
1052 2967 1292 3041 occupaverant

160 3039 264 3104 Prisci
286 3041 411 3122 Latini3
435 3064 539 3125 eaque
563 3063 660 3105 causa
684 3040 862 3106 diruendae
884 3042 975 3106 urbis
998 3041 1069 3105 eius
1091 3041 1152 3106 fuit
1172 3041 1290 3106 Roma-

125 3128 220 3207 tnis,
243 3149 285 3190 ne
308 3127 450 3191 hostium
472 3149 604 3214 semper
625 3125 869 3212 receptaculum
892 3137 987 3191 esset.
1011 3137 1178 3213 postremo
1201 3130 1289 3193 omni

160 3211 246 3276 bello
270 3213 388 3276 Latino
411 3213 602 3278 Medulliam
636 3212 795 3299 conpulso
818 3212 1018 3299 aliquamdiu
1046 3213 1091 3278 ibi
1114 3215 1221 3279 Marte
1242 3215 1290 3278 in·

127 3304 128 3308 ’
161 3308 248 3363 certo
272 3300 364 3363 varia
384 3301 522 3363 victoria
545 3309 724 3387 pugnatum
749 3308 812 3382 est3
840 3321 915 3363 nam
939 3309 971 3364 et
992 3299 1072 3364 urbs
1094 3310 1165 3366 tuta
1186 3302 1290 3365 muni·

106 3408 108 3412 ’
160 3385 302 3449 tionibus
326 3386 557 3472 praesidioque
572 3387 699 3450 firmata
713 3384 822 3450 valido
844 3395 923 3467 erat,
948 3396 980 3451 et
995 3387 1109 3452 castris
1124 3388 1158 3451 in
1173 3397 1289 3473 aperto

159 3472 273 3556 positis
291 3468 485 3556 aliquotiens
502 3473 664 3537 exercitus
680 3472 816 3535 Latinus
839 3475 1019 3537 comminus
1042 3494 1116 3537 cum
1135 3473 1290 3538 Romanis

124 3557 251 3638 osigna
274 3556 464 3621 contulerat.
489 3560 531 3622 ad
553 3558 704 3622 ultimum
728 3557 878 3622 omnibus
901 3581 939 3623 co
967 3559 1005 3624 iis
1029 3560 1158 3624 conisus
1175 3557 1289 3623 Ancus

159 3643 227 3705 acie
261 3644 402 3726 primum
434 3645 550 3727 vincit3
582 3646 659 3710 inde
689 3644 811 3726 ingenti
870 3582 971 3710 raerlb
1003 3655 1120 3731 potens
1152 3644 1290 3709 Romam

158 3728 252 3809 redit,
288 3738 356 3792 tum
381 3750 513 3816 quoque
544 3729 654 3795 multis
690 3729 820 3791 milibus
843 3667 1032 3794 latinorum
1066 3733 1099 3795 in
1122 3731 1290 3796 civitatem

158 3815 311 3898 acceptis,
336 3817 464 3898 quibus,
487 3827 524 3881 ut
545 3818 734 3900 iungeretur
756 3813 883 3881 Palatio
899 3816 1109 3902 Aventinum,
1133 3816 1176 3883 ad
1198 3815 1289 3882 Mur-
