2738 4146
360 125 468 174 Liras
485 125 508 176 Ι.
526 124 602 176 CAP.
621 126 663 175 54.
681 127 722 174 55.
744 123 777 192 [a.
795 125 829 176 U.
848 141 870 175 c.
889 125 1045 195 rao-2441.
1232 117 1271 171 47

190 296 278 362 LIV.
300 296 383 360 Inde
404 297 436 359 in
453 295 586 360 consilia
601 295 731 380 publica
747 296 905 360 adhiberi.
929 297 987 362 ubi
1003 320 1076 362 cum
1093 299 1134 361 de
1151 298 1221 362 aliis
1244 316 1257 364 1

88 384 187 448 rebus
219 384 382 447 adsentire
413 405 448 446 se
478 382 646 445 veteribus
670 380 806 446 Gabinis
839 383 972 465 diceret,
1006 385 1125 470 quibus
1160 404 1219 448 eae

87 472 229 534 notiores
253 478 370 550 essent,
401 470 473 554 ipse
504 468 680 531 identidem
710 467 786 532 belli
810 480 922 533 auctor
956 492 1027 534 esse
1055 481 1088 534 et
1118 471 1151 532 in
1183 491 1221 534 eo

89 556 150 620 sibi
166 556 376 641 praecipuam
393 554 597 639 prudentiam
615 554 796 634 adsumere,
818 556 906 640 quod
922 556 1090 642 utriusque
1107 553 1221 640 populi

87 644 175 707 vires
197 650 309 704 nosset
340 641 502 725 sciretque
533 641 669 705 invisam
701 640 848 724 profecto
880 640 1067 726 superbiam
1098 643 1220 726 regiam

89 727 214 792 civibus
247 749 328 808 esse,
360 748 457 812 quam
486 726 572 790 ferre
602 748 644 790 ne
670 724 765 788 liberi
797 727 927 812 quidem
953 728 1144 812 potuissent.
1177 728 1257 792 itae

89 836 160 877 cum
185 814 304 876 sensim
328 812 369 874 ad
392 810 614 876 rebellandum
648 813 808 897 primores
832 811 1035 877 Gabinorum
1063 813 1221 893 incitaret,

87 900 159 984 ipse
192 920 266 962 cum
289 898 539 984 promptissimis
562 900 714 962 iuvenum
731 898 923 983 praedatum
947 909 1045 986 atque
1068 900 1100 962 in
1121 922 1220 985 expe·

88 985 229 1049 ditiones
238 986 308 1065 iret,
326 994 359 1048 et
375 984 469 1048 dictis
478 983 637 1069 factisque
654 984 802 1047 omnibus
813 985 854 1047 ad
864 983 1039 1048 fallendum
1056 986 1221 1049 instructis

87 1093 173 1136 vana
204 1071 412 1134 adcresceret
443 1069 534 1151 fides,
569 1069 636 1132 duri
668 1070 710 1132 ad
744 1068 891 1134 ultimum
923 1070 1001 1136 belli
1022 1070 1151 1155 legitur.
1175 1071 1255 1135 ibi3

88 1179 162 1220 cum
186 1158 289 1220 inscia
312 1155 528 1235 multitudine,
552 1155 629 1241 quid
654 1165 815 1239 ageretur,
848 1155 973 1240 proelia
1003 1178 1106 1241 parva
1136 1158 1221 1221 inter

90 1242 227 1307 Romam
252 1241 442 1328 Gabiosque
473 1241 599 1321 fierent,
632 1241 748 1327 quibus
779 1240 972 1328 plerumque
1007 1241 1137 1307 Gabina
1167 1264 1219 1306 res

89 1329 238 1413 superior
262 1337 356 1409 esset,
385 1340 453 1391 tum
487 1327 634 1392 certatim
666 1330 783 1390 summi
814 1327 982 1414 infimique
1017 1327 1219 1392 Gabinorum

90 1415 167 1479 Sex.
191 1415 404 1498 Tarquinium
436 1413 520 1477 dono
545 1413 640 1477 deum
677 1413 738 1476 sibi
769 1413 902 1477 missum
935 1414 1051 1479 ducem
1075 1414 1219 1478 credere.

89 1501 177 1586 apud
193 1499 311 1563 milites
320 1522 399 1564 vero
416 1499 567 1564 obeundo
577 1498 722 1584 pericula
737 1520 775 1561 ac
784 1498 912 1563 labores
921 1500 1054 1583 pariter,
1063 1500 1220 1585 praedam
1239 1508 1256 1556 4

88 1585 239 1650 munifice
249 1585 416 1668 largiendo
435 1594 524 1648 tanta
540 1586 674 1648 caritate
691 1606 772 1666 esse,
788 1594 902 1649 utnon
918 1595 1012 1670 pater
1025 1586 1221 1671 Tarquinius

88 1674 254 1758 potentior
274 1671 397 1735 Romae
421 1693 518 1758 quam
545 1669 631 1733 filius
655 1669 769 1734 Gabiis
793 1680 888 1734 esset.
916 1673 1025 1757 itaque
1047 1682 1220 1758 postquam
1240 1681 1255 1730 6

90 1760 166 1822 satis
200 1760 317 1822 virium
350 1755 524 1821 collectum
554 1756 595 1819 ad
629 1778 740 1820 omnes
764 1766 899 1821 conatus
920 1757 1064 1834 videbat,
1088 1767 1156 1821 tum
1179 1780 1221 1822 ex

90 1847 155 1909 suis
178 1867 278 1908 unum
302 1845 498 1906 sciscitatum
515 1843 651 1906 Romam
674 1841 715 1905 ad
739 1852 866 1927 patrem
883 1843 988 1918 mittit,
1014 1843 1168 1929 quidnam
1186 1865 1220 1907 se

93 1931 203 1995 facere
226 1928 334 2003 vellet,
360 1929 636 2015 quandoquidem,
658 1938 694 1991 ut
716 1929 824 1992 omnia
850 1950 934 1992 unus
959 1927 1074 1992 Gabiis
1097 1938 1220 2013 posset,

90 2019 120 2080 ei
143 2017 186 2080 dii
212 2016 385 2080 dedissent.
410 2014 486 2078 huic
501 2017 623 2096 nuntio,
648 2015 732 2099 quia,
756 2015 865 2095 oredo,
891 2014 1010 2078 dubiae
1031 2013 1109 2079 fidei
1131 2013 1257 2079 vide-t

90 2102 196 2182 batur,
227 2101 306 2164 nibil
332 2123 415 2166 voce
442 2123 634 2185 responsum
658 2110 721 2181 est;
749 2122 810 2163 rex
831 2098 922 2165 velut
945 2099 1221 2165 deliberabundus

89 2190 121 2251 in
167 2187 296 2252 hortum
342 2187 472 2250 aedium
514 2187 630 2250 transit
686 2195 842 2272 sequente
886 2187 998 2251 nuntio
1052 2186 1123 2267 filii;
1175 2185 1221 2250 ibi

90 2272 295 2337 inambulans
317 2273 433 2337 tacitus
457 2293 584 2336 summa
606 2294 806 2358 papaverum
832 2274 939 2356 capita
962 2273 1081 2336 dicitur
1103 2271 1220 2336 baculo

90 2361 280 2424 decussisse.
303 2359 533 2440 interrogando
562 2357 832 2443 expectandoque
864 2380 1057 2443 responsum
1090 2359 1257 2422 nuntius?

89 2447 205 2527 fessus,
237 2455 273 2510 ut
302 2468 338 2509 re
368 2445 556 2529 inperfecta,
588 2443 674 2508 redit
709 2441 847 2525 Gabios;
880 2466 965 2530 quae
998 2444 1118 2507 dixerit
1149 2444 1220 2529 ipse

90 2553 240 2618 quaeque
262 2530 389 2610 viderit,
413 2531 525 2594 refert:
551 2552 609 2593 seu
630 2531 679 2593 ira
702 2552 760 2594 seu
782 2529 855 2594 odio
879 2553 937 2593 seu
957 2529 1111 2615 superbia
1126 2530 1221 2594 insita

89 2619 218 2701 ingenio
242 2616 363 2679 nullam
387 2639 459 2680 eum
484 2637 599 2680 vocem
623 2616 780 2679 emisisse.
804 2613 903 2679 Sexto
928 2615 993 2697 ubi,
1018 2615 1097 2700 quid
1119 2613 1255 2684 vellet8

88 2727 207 2791 parens
225 2704 345 2788 quidve
361 2703 567 2788 praeciperet
581 2702 687 2766 tacitis
702 2700 904 2785 ambagibus,
919 2702 1034 2786 patuit,
1059 2703 1219 2787 primores

91 2790 232 2855 civitatis
266 2788 464 2852 criminando
496 2786 577 2852 alios
609 2788 697 2874 apud
727 2785 896 2874 populum,
930 2786 1011 2852 alios
1043 2811 1102 2851 sua
1132 2791 1220 2872 ipsos

88 2876 211 2938 invidia
230 2885 431 2960 opportunos
446 2875 619 2938 interemit.
643 2872 735 2937 multi
750 2872 868 2959 palam,
885 2874 1028 2960 quidam,
1051 2875 1084 2938 in
1102 2874 1219 2958 quibus

89 2963 195 3024 minus
218 2963 366 3045 speciosa
390 2960 570 3023 criminatio
595 2969 665 3024 erat
682 2960 800 3040 futura,
819 2957 902 3023 olam
918 2959 1089 3024 interfecti.
1114 2961 1219 3046 patuit
1240 2968 1257 3016 9

89 3046 283 3133 quibusdam
308 3045 490 3111 volentibus
513 3046 599 3130 fuga,
623 3055 679 3108 aut
704 3047 735 3108 in
760 3043 892 3109 exilium
916 3047 980 3110 acti
996 3057 1079 3127 sunt,
1104 3046 1219 3110 absen-

36 3171 40 3176 ·
89 3137 235 3219 tiumque
258 3132 343 3196 bona
365 3134 456 3195 iuxta
477 3141 575 3217 atque
597 3132 866 3215 interemptorum
890 3131 1009 3196 divisui
1031 3133 1132 3196 fuere.
1156 3130 1271 3194 lar-10

86 3220 225 3304 gitiones
240 3220 315 3283 inde
331 3218 554 3304 praedaeque;
571 3227 604 3283 et
620 3217 791 3282 dulcedine
802 3218 921 3302 privati
935 3218 1096 3282 commodi
1106 3240 1220 3282 sensus

86 3304 244 3369 malorum
267 3304 472 3390 publicorum
496 3303 605 3386 adimi,
633 3303 739 3368 donec
766 3303 847 3367 orba
870 3303 1004 3368 consilio
1028 3303 1216 3388 auxilioque

87 3389 216 3455 Gabina
237 3413 289 3454 res
316 3392 385 3474 regi
407 3390 554 3454 Romano
587 3391 654 3454 sine
686 3389 752 3453 ulla
782 3389 990 3454 dimicatione
1024 3390 1056 3453 in
1088 3412 1219 3452 manum

84 3477 235 3541 traditur.

187 3562 258 3626 LV.
283 3561 396 3626 Gabiis
419 3564 558 3647 receptis
581 3561 776 3646 Tarquinius
798 3583 914 3646 pacem
938 3585 1011 3625 cum
1026 3560 1218 3646 Aequorum
1241 3573 1253 3621 1

84 3658 181 3732 gente
205 3649 289 3729 fecit,
313 3649 427 3712 foedus
451 3671 523 3713 cum
546 3649 661 3712 Tuscis
683 3648 862 3712 renovavit.
914 3647 990 3711 inde
1019 3648 1059 3710 ad
1088 3648 1219 3730 negotia

84 3734 210 3799 urbana
241 3736 381 3799 animum
415 3736 586 3815 convertit;
619 3756 756 3819 quorum
789 3743 859 3798 erat
890 3734 1048 3818 primum,
1073 3732 1235 3793 attexta

84 3820 240 3905 templum
257 3823 288 3883 in
304 3831 413 3886 monte
428 3821 569 3909 Tarpeio
585 3828 840 3888 monumentum
853 3821 957 3904 regiis
970 3812 1262 3881 suxnomxrixsm
