2738 4146
34 19 228 27 ——-.-

95 93 152 151 168
349 103 459 152 arnan
477 78 562 152 111111.
581 102 656 152 car.
675 106 716 152 11.
735 104 775 152 11.
796 100 829 169 [a.
846 101 879 152 11.
899 118 920 152 0.
939 102 1008 169 aaa.

140 275 236 339 etiam
261 268 304 336 (11
326 273 484 336 industria
508 273 624 336 ducem
646 272 835 354 Romanum,
867 273 894 335 si
916 273 1000 336 forte
1023 295 1197 337 accensum
1222 282 1273 338 tot

139 358 384 440 indignitatibus
417 380 455 421 ac
479 356 625 422 cladibus
659 359 820 422 sociorum
857 357 1028 422 detrahere
1061 358 1102 421 ad
1126 380 1271 444 aequum

62 495 64 498 ι
104 454 303 512 scertamen
320 446 432 529 possit.
455 445 539 508 inter
563 443 799 508 multitudinem
816 445 977 507 sociorum
1000 443 1108 507 Italici
1130 445 1272 528 generis,

139 532 195 617 qui
210 531 251 594 ad
266 531 526 594 Trasumennum
545 532 632 615 capti
657 530 698 594 ab
718 528 902 594 Hannibale
919 531 1109 614 dimissique
1127 530 1270 614 fuerant,

119 614 204 682 'tres
227 615 383 700 Campani
414 616 538 702 equites
571 626 673 698 erant,
706 615 813 678 multis
845 616 910 679 iarn
942 624 1009 678 tum
1039 614 1151 700 inlecti
1175 617 1271 682 donis

138 704 370 788 promissisque
386 700 576 765 Hannibalis
600 702 640 764 ad
664 700 882 766 conciliandos
903 701 1108 787 popularium
1133 703 1271 768 animos.

103 808 118 854 3
139 789 171 851 hi
186 790 379 868 nuntiantes,
396 789 421 851 si
437 789 470 851 in
481 786 691 872 Campaniam
708 788 886 851 exercitum
903 788 1109 868 admovisset,
1134 787 1269 875 Capuae

162 875 314 938 otiendae
337 875 464 958 copiam
480 873 559 953 fore,
577 879 657 938 'cum
680 896 732 937 res
748 874 851 936 maior
874 895 971 957 quam
994 885 1144 939 auctores
1168 884 1268 954 esset,

138 898 273 1024 Cubium
307 958 524 1024 Hannibalem
564 959 763 1044 alternisque
800 958 956 1022 fidentem
988 981 1026 1022 ac
1065 959 1270 1024 diffidentem

101 1068 117 1113 1
137 1055 255 1123 tamen,
278 1055 315 1108 ut
335 1045 518 1130 Campanos
542 1067 583 1108 ex
599 1044 729 1110 Samnio
752 1054 888 1130 peteret,
912 1057 1093 1110 moverunt.
1116 1047 1268 1129 monitos,

138 1141 173 1195 ut
195 1133 290 1196 etiam
308 1141 405 1216 atque
428 1131 524 1195 etiam
548 1132 708 1216 promissa
726 1131 827 1195 rebus
850 1129 1070 1210 adfirmarent,
1094 1131 1270 1218 iussosque

103 1216 391 1302 tcum-pluribus
413 1226 445 1280 et
468 1215 629 1302 aliquibus
662 1218 840 1301 principum
875 1217 982 1280 redire
1006 1217 1046 1279 ad
1075 1239 1111 1282 se
1134 1218 1269 1282 dimisit.

137 1304 206 1387 ipse
226 1305 364 1387 imperat
380 1301 464 1380 duci,
488 1313 524 1365 ut
547 1325 581 1366 sc
604 1304 635 1366 in
659 1324 774 1386 agrum
791 1301 975 1367 Casinatem
999 1302 1105 1383 ducat,
1130 1304 1270 1369 edoctus

138 1410 156 1451 a
195 1390 283 1452 eritis
299 1390 478 1471 regionum,
495 1389 522 1451 si
538 1411 611 1452 eum
627 1388 745 1467 saltum
760 1397 964 1473 occupasset,
982 1389 1105 1452 exitum
1120 1386 1270 1454 Romano

102 1411 297 1559 1111111111
329 1474 496 1538 ferendam
519 1475 615 1538 sociis
639 1473 897 1538 interclusurum.
937 1474 994 1537 sed
1018 1473 1178 1538 Punicum
1210 1475 1270 1540 ab·

138 1561 274 1624 horrens
290 1559 331 1623 ab
346 1559 535 1624 Latinorum
552 1562 715 1624 nominum
740 1560 1001 1644 pronuntiatione
1024 1582 1069 1638 os,
1087 1558 1269 1627 Casilinum

136 1668 196 1731 pro
213 1645 331 1710 Casino
348 1646 416 1709 dux
438 1658 473 1708 ut
489 1648 662 1731 acciperet,
687 1647 778 1726 fecit3
803 1666 1002 1730 aversusque
1018 1645 1059 1708 ab
1076 1668 1134 1710 suo
1152 1647 1270 1714 itinere

103 1741 117 1788 7
137 1755 195 1816 per
218 1730 391 1794 Allifanum
415 1731 662 1819 Calatinumquc
685 1740 718 1796 et
740 1730 897 1797 Calenum
920 1754 1034 1815 agrum
1056 1735 1087 1796 in
1112 1754 1269 1819 campum

139 1817 305 1882 Stellatem
329 1818 509 1882 descendit.
539 1817 596 1882 ubi
620 1842 694 1882 cum
717 1816 879 1882 montibus
902 1816 1156 1904 fluminibusque
1180 1822 1270 1885 clau·

101 1915 116 1963 8
137 1926 205 1968 sam
219 1905 384 1986 regionem
401 1905 696 1988 circumspexisset,
719 1913 868 1968 vocatum
887 1903 1001 1968 ducem
1018 1914 1269 1988 percunctatur,
1315 1954 1319 1961 -

136 1989 193 2053 ubi
215 2000 376 2053 terrarum
399 2000 495 2053 esset.
519 2011 593 2053 eum
614 1990 641 2052 is
666 1988 798 2054 Casilini
830 2009 868 2053 ec
893 1989 945 2054 die
978 2011 1165 2055 mansurum
1191 2013 1269 2057 eum

100 2086 115 2134 9
139 2076 282 2151 dixisset,
315 2085 383 2137 tum
408 2075 539 2138 demum
563 2076 710 2159 cognitus
735 2086 783 2139 est
806 2097 905 2156 error,
930 2084 962 2140 et
984 2073 1139 2142 Casinum
1167 2074 1271 2162 longe

137 2161 212 2224 inde
228 2159 291 2223 alia
305 2161 439 2243 regione
456 2181 542 2242 esse3
564 2163 730 2246 virgisque
750 2182 844 2225 caeso
863 2161 944 2225 duce
960 2161 1048 2225 etad
1065 2161 1270 2248 reliquorum

136 2256 296 2309 terrorem
319 2249 351 2308 in
368 2268 498 2310 crucem
514 2246 652 2328 sublato,
668 2249 782 2311 castris
805 2247 1021 2327 communitis,
1038 2247 1271 2315 Maharbalem

86 2346 119 2393 111
138 2353 211 2396 cum
237 2330 399 2417 equitibus
411 2334 442 2395 in
458 2354 573 2416 agrum
595 2333 769 2397 Falernum
792 2334 983 2420 praedatum
1009 2333 1138 2400 dimisit.
1162 2358 1271 2422 usque

137 2418 179 2481 ad
195 2440 296 2505 aquas
307 2416 520 2482 Sinuessanas
537 2418 701 2504 populatio
719 2441 757 2481 ea
772 2421 928 2502 pervenit.
945 2419 1109 2502 ingentem
1125 2419 1270 2507 cladem,

86 2518 116 2566 11
136 2505 244 2586 fugam
276 2515 384 2568 tamen
416 2515 640 2590 terroremque
676 2504 772 2569 latius
803 2504 965 2568 Numidae
1000 2503 1164 2592 fecerunt:
1203 2530 1272 2574 1111

34 2636 36 2641 -
135 2602 241 2654 tamen
269 2591 296 2652 is
327 2603 441 2672 terror,
475 2613 547 2654 cum
580 2593 687 2655 omnia
724 2589 810 2655 bello
842 2588 1026 2674 flagrarent,
1059 2591 1127 2656 fide
1157 2595 1271 2660 socios

136 2676 281 2755 dimovit,
304 2674 458 2740 videlicet
473 2679 549 2762 quia
563 2678 646 2741 iusto
670 2686 702 2740 et
726 2677 891 2742 moderato
907 2676 1106 2759 regebantur
1125 2677 1271 2762 imperio

135 2784 197 2825 nec
218 2760 414 2843 abnuebant,
449 2763 536 2848 quod
559 2786 658 2827 unum
690 2761 855 2827 vinculum
882 2763 959 2826 fidei
986 2772 1043 2845 est,
1072 2762 1271 2833 melioribus

134 2869 260 2933 parere.

101 2949 113 2996 1
236 2931 330 2995 XIV.
353 2931 399 2996 Ut
421 2955 509 3015 vero,
531 2942 704 3018 postquam
729 2933 769 2997 ad
792 2932 988 2998 Vulturnum
1010 2932 1134 2999 flumen
1156 2947 1271 3004 castra

135 3027 209 3084 sunt
231 3019 346 3103 posita,
370 3018 569 3083 exurebatur
591 3021 835 3083 amoenissimus
857 3019 971 3084 ltaliae
994 3042 1073 3105 ager
1100 3020 1198 3086 villae
1223 3047 1271 3090 111

134 3105 255 3192 passim
286 3104 445 3168 incendiis
476 3104 644 3168 fumabant
675 3129 734 3190 per
764 3107 841 3189 iuga
863 3105 996 3169 Massici
1018 3107 1136 3173 montis
1157 3106 1209 3172 Fa
1235 3112 1270 3176 io

97 3193 283 3274 educente,
313 3199 382 3254 tum
407 3213 507 3275 prope
531 3191 572 3255 de
594 3192 719 3275 integro
743 3192 858 3255 seditio
887 3212 1035 3272 accensa;
1071 3193 1272 3278 quieverant

135 3278 219 3343 enim
234 3298 295 3361 per
310 3298 431 3361 paucos
449 3278 517 3341 dies
534 3278 619 3362 quia,
636 3300 709 3341 cum
724 3276 861 3342 celerius
885 3276 979 3341 solito
997 3278 1129 3343 ductum
1146 3301 1271 3364 agmen

133 3372 230 3446 esset,
261 3363 406 3426 festinari
433 3363 475 3426 ad
497 3361 733 3448 prohibendam
764 3363 1027 3449 populationibus
1051 3362 1270 3449 Campaniam

99 3466 114 3513 1
133 3449 348 3514 crediderant.
372 3460 501 3512 atvero
523 3450 556 3512 in
580 3459 726 3513 extrema
746 3450 823 3532 iuga
839 3449 968 3513 Massici
990 3451 1109 3515 montis
1128 3461 1268 3520 ventum

133 3544 166 3599 et
188 3534 299 3600 hostes
322 3534 381 3598 sub
406 3534 507 3598 oculis
529 3546 622 3598 erant
636 3535 766 3598 Falerni
789 3537 859 3619 agri
881 3535 1137 3624 colonorumque
1169 3536 1267 3605 Sinu-

134 3643 225 3686 essae
247 3629 333 3684 tecta
356 3630 496 3704 urentes,
529 3643 589 3685 nec
611 3620 678 3683 ulla
701 3630 770 3684 erat
792 3621 912 3685 mentio
935 3644 1074 3705 pugnae,
1117 3646 1153 3706 ,s
1178 3634 1266 3691 ecta·

93 3721 202 3773 4111111
233 3706 314 3770 huc“
347 3707 452 3791 inquit
473 3707 634 3771 Minucius
660 3717 714 3786 „ut
737 3708 777 3770 ad
801 3730 870 3771 rem
893 3706 1064 3772 fruendam
1086 3730 1126 3775 oc
1162 3712 1189 3775 is
1213 3733 1265 3777 so·

134 3794 258 3858 ciorum
280 3793 397 3857 caedes
421 3802 453 3857 et
474 3793 634 3877 incendia,
657 3793 828 3858 venimus?
850 3815 920 3876 nec,
944 3794 971 3857 si
991 3792 1111 3859 nullius
1131 3795 1264 3863 alterius
