2738 4146
294 135 402 182 uranu
420 135 455 186 u.
475 134 549 183 oar.
571 137 610 184 13.
633 132 671 185 14.
693 133 725 200 [a.
745 134 778 184 u.
796 149 818 185 c.
838 133 993 202 aaa-2471.
1198 118 1238 183 ot

54 289 230 374 appellata.
248 310 325 371 ergo
340 289 385 350 ita
396 288 554 351 honorata
569 290 689 351 virtute
701 288 839 352 feminae
856 309 986 373 quoque
997 287 1038 350 ad
1054 285 1187 373 publica
1207 323 1223 372 ,3

54 377 179 439 decora
203 377 373 454 excitatae,
405 385 438 438 et
461 373 585 438 Cloelia
609 375 712 458 virgo,
746 396 811 436 una
834 396 876 436 ex
899 372 1077 450 obsidibus,
1112 396 1185 437 oum

55 474 165 526 castra
197 462 411 524 Etruscorum
445 459 528 524 forte
560 460 647 522 haud
671 458 787 545 procul
820 461 892 544 ripa
923 458 1050 522 Tiberis
1078 458 1185 524 locata

54 557 175 627 essent,
199 547 353 609 frustrata
381 547 543 625 custodes,
573 547 641 610 dux
670 547 804 628 agminis
828 547 988 627 virginum
1011 547 1097 608 inter
1120 543 1185 610 tela

53 635 198 697 hostium
213 632 358 695 Tiberim
380 634 520 704 tranavit
535 633 739 717 sospitesque
763 653 873 696 omnes
893 631 1030 695 Romam
1054 633 1094 694 ad
1110 653 1184 716 pro·

53 723 195 806 pinquos
210 720 358 782 restituit.
378 719 465 803 quod
481 718 538 780 ubi
554 719 623 800 regi
645 720 826 781 nuntiatum
839 727 896 796 est,
913 719 1018 802 primo
1035 719 1185 782 incensus
1207 739 1221 784 t

54 809 106 869 ira
117 816 262 869 oratores
278 804 415 866 Romam
430 805 517 867 misit
533 804 574 866 ad
592 802 749 867 Cloeliam
766 803 913 867 obsidem
930 803 1184 888 deposcendam:

54 891 136 956 alias
171 890 259 953 haud
291 892 400 972 magni
427 889 549 970 facere3
585 891 702 954 deiude
734 891 767 952 in
798 890 1045 953 admirationem
1072 911 1222 958 versus8

55 999 158 1062 supra
181 975 321 1040 Coclites
345 976 537 1060 Muciosque
566 976 673 1039 dicere
694 975 728 1038 id
750 976 875 1039 facinus
900 997 968 1039 esse
992 986 1025 1038 et
1051 999 1129 1061 prae
1153 998 1186 1040 se

54 1065 153 1143 ferre,
185 1085 281 1148 quem
304 1062 345 1126 ad
373 1062 516 1140 modum,
552 1063 579 1124 ai
606 1084 672 1126 nou
699 1062 837 1126 dedatur
865 1061 969 1141 obses,
1001 1085 1060 1146 pro
1089 1073 1184 1147 rupto

54 1149 172 1213 foedus
197 1171 231 1212 se
255 1146 450 1228 habiturum,
475 1149 521 1211 sio
545 1148 687 1211 deditam
710 1147 895 1211 inviolatam
913 1148 954 1210 ad
978 1170 1053 1211 suos
1076 1151 1185 1212 remis-

55 1258 180 1300 surum.
203 1235 366 1319 utrimque
390 1235 533 1297 constitit
555 1233 651 1297 fides:
676 1243 709 1296 et
731 1234 868 1298 Romani
890 1236 1007 1318 pignus
1031 1236 1120 1319 pacis
1145 1256 1186 1296 ex
1206 1255 1221 1303 9

38 1322 192 1391 ‚foedere
207 1321 426 1398 restituerunt,
449 1329 481 1382 et
496 1320 584 1404 apud
600 1343 711 1403 regem
728 1321 902 1383 Etruscum
917 1342 980 1383 non
997 1331 1066 1384 tuta
1082 1319 1185 1384 solum

56 1408 116 1472 sed
141 1405 299 1470 honorata
323 1407 419 1469 etiam
441 1407 544 1468 virtus
566 1405 636 1485 fuit,
659 1405 889 1491 laudatamque
911 1408 1069 1488 virginem
1092 1418 1185 1491 parte

57 1493 210 1557 obsidum
227 1515 260 1555 se
278 1492 399 1556 donare
416 1491 511 1554 dixit:
535 1493 615 1573 ipsa,
637 1515 719 1577 quos
735 1491 842 1570 vellet,
866 1491 1000 1575 legeret.
1018 1493 1185 1577 productis
1204 1515 1237 1563 10

57 1579 209 1644 omnibus
234 1577 371 1662 elegisse
385 1578 522 1661 inpubes
539 1578 665 1658 dicitur,
690 1578 777 1661 quod
793 1588 826 1641 et
839 1580 1015 1661 virginitati
1032 1579 1185 1643 decorum

57 1677 90 1730 et
114 1687 274 1728 consensu
299 1664 448 1727 obsidum
470 1665 615 1746 ipsorum
638 1663 809 1748 probabile
833 1674 912 1743 erat,
945 1687 1017 1728 eam
1045 1675 1185 1729 aetatem

57 1752 264 1837 potissimum
285 1748 418 1814 liberari
445 1749 485 1813 ab
514 1750 618 1830 hoste,
651 1772 734 1834 quae
761 1751 902 1814 maxime
930 1762 1112 1836 opportuna
1137 1754 1184 1814 iu·

56 1839 162 1903 iuriae
179 1845 274 1900 esset.
298 1858 379 1920 pace
394 1837 617 1919 redintegrata
630 1835 768 1900 Romani
790 1858 909 1899 novam
931 1838 964 1898 in
986 1836 1107 1900 femina
1121 1839 1184 1901 vir·
1203 1861 1233 1907 11

58 1934 166 1988 tutem
188 1944 273 1987 novo
308 1944 428 2006 genere
463 1922 603 2000 honoris,
628 1932 735 1985 statua
757 1924 909 2008 equestri,
944 1923 1120 1988 donavere:
1153 1926 1186 1987 in

58 2031 187 2075 summa
210 2030 302 2071 sacra
322 2010 377 2071 via
398 2007 458 2071 fuit
480 2009 586 2093 posita
610 2010 701 2092 virgo
724 2009 867 2071 insidens
891 2031 985 2094 equo.
1028 2071 1030 2074 ,

162 2093 254 2158 XIV.
289 2093 376 2158 Huic
412 2103 479 2157 tam
516 2103 651 2177 pacatae
688 2094 879 2176 profectioni
913 2095 953 2157 ab
986 2095 1068 2159 urbe
1100 2099 1220 2179 regist

58 2181 192 2245 Etrusci
207 2180 388 2243 abhorrens
411 2202 481 2243 mos
496 2180 632 2243 traditus
655 2180 696 2244 ab
713 2182 853 2266 antiquis
867 2203 972 2266 usque
988 2183 1027 2243 ad
1044 2192 1185 2246 nostram

59 2277 202 2331 aetatem
225 2269 310 2329 inter
333 2276 441 2330 cetera
464 2265 632 2330 sollemnia
656 2278 766 2330 manet
789 2267 875 2330 bona
897 2268 1075 2331 Porsinnae
1101 2271 1186 2351 regis

57 2353 233 2418 vendendi.
258 2354 347 2415 ouius
370 2355 525 2436 originem
540 2354 639 2415 moris
655 2374 787 2416 neeesse
812 2363 862 2416 est
883 2365 938 2416 aut
959 2356 1044 2417 inter
1064 2353 1187 2418 bellum
1205 2367 1220 2412 a

58 2449 169 2502 natam
198 2460 269 2502 esse
297 2460 404 2524 neque
433 2440 584 2502 omissam
610 2441 643 2500 iu
667 2460 748 2522 pace
776 2448 832 2502 aut
854 2441 1017 2503 amitiore
1045 2442 1186 2504 crevisse

58 2526 231 2610 principio,
267 2546 362 2609 quam
395 2523 449 2588 hio
479 2547 559 2609 prae
593 2547 627 2588 se
659 2525 742 2588 ferat
772 2523 884 2588 titulus
916 2525 1002 2589 bona
1027 2525 1186 2590 hostiliter

58 2610 234 2675 vendendi.
251 2612 442 2758 proximum
460 2633 538 2674 vero
556 2621 605 2674 est
628 2633 670 2674 ex
684 2611 731 2691 iis,
756 2633 840 2696 quae
862 2612 1042 2692 traduntur,
1058 2612 1185 2676 Porsin-
1207 2627 1223 2673 3
1273 2645 1275 2648 ⁴

58 2719 135 2760 nam
160 2696 249 2760 disce
275 2706 383 2760 entem
411 2696 451 2759 ab
475 2695 618 2760 Ianiculo
643 2706 749 2760 castra
781 2696 934 2782 opulenta
961 2708 1117 2762 convecto
1145 2722 1188 2763 ex

58 2783 254 2868 propinquis
281 2803 321 2845 ac
346 2781 507 2846 fertilibus
535 2783 684 2846 Etruriae
713 2785 799 2847 arvis
826 2796 1009 2848 commeatu
1035 2784 1186 2848 Romanis

60 2870 147 2952 dono
178 2869 318 2946 dedisse,
346 2869 436 2954 inopi
463 2877 532 2932 tum
559 2869 642 2932 urbe
666 2869 706 2932 ab
730 2869 912 2956 longinqua
935 2870 1119 2953 obsidione3
1149 2887 1220 2936 eat

59 2953 189 3024 deinde,
223 2976 265 3018 ne
292 2953 415 3040 populo
445 2957 587 3018 immisso
613 2955 830 3040 diriperentur
862 2956 1029 3035 hostiliter,
1060 2960 1186 3022 venisse

60 3042 215 3126 bonaque
238 3040 415 3104 Porsinnae
438 3040 611 3126 appellata,
635 3043 771 3124 gratiam
794 3044 934 3106 muueris
962 3046 1063 3127 magis
1091 3045 1186 3127 signi·

59 3126 180 3190 ficante
203 3125 296 3190 titulo
321 3149 416 3212 quam
446 3129 631 3191 auctionem
653 3127 801 3192 fortunae
824 3131 943 3211 regiae,
977 3152 1060 3215 quae
1087 3153 1128 3195 ne
1155 3132 1187 3193 in

59 3222 225 3300 potestate
249 3213 380 3298 quidem
404 3213 516 3299 populi
538 3213 675 3276 Romani
698 3225 793 3278 esset.

127 3345 133 3356 .
165 3297 296 3363 Omisso
319 3299 464 3363 Romano
493 3299 578 3363 bello
605 3299 770 3381 Porsinna,
793 3323 834 3364 ne
856 3300 975 3364 frustra
998 3305 1030 3364 in
1054 3326 1092 3367 ea
1114 3302 1187 3366 loca
1208 3320 1223 3366 5

59 3386 225 3449 exercitus
253 3386 413 3450 adductus
444 3387 622 3467 videretur,
658 3408 730 3448 oum
758 3398 851 3470 parte
886 3390 1052 3471 copiarum
1085 3389 1186 3452 filiurn

58 3471 238 3535 Arruntem
266 3472 407 3535 Ariciam
436 3482 658 3558 oppugnatum
692 3474 797 3535 mittit.
826 3475 930 3558 primo
959 3474 1106 3538 Aricinos
1134 3497 1221 3544 resa

57 3559 255 3642 necopinata
278 3558 478 3642 perculerat3
502 3561 660 3622 arcessita
684 3559 801 3623 deinde
824 3559 944 3623 auxilia
968 3571 1000 3623 et
1023 3585 1041 3624 a
1062 3561 1187 3626 Latinis

58 3642 190 3729 populis
215 3653 248 3708 et
270 3665 290 3706 a
313 3641 423 3708 Cumis
451 3655 576 3708 tantum
606 3646 675 3728 spei
703 3645 820 3725 fecere,
851 3656 886 3707 ut
913 3648 981 3710 acie
1011 3647 1191 3710 decernere

59 3731 229 3794 auderent.
253 3730 377 3814 proelio
406 3733 484 3796 inito
508 3733 590 3796 adeo
619 3734 779 3796 concitato
803 3734 938 3818 impetu
964 3754 1004 3794 se
1021 3732 1221 3792 'inunum

58 3815 200 3899 Etrusci,
228 3826 264 3880 ut
291 3816 463 3883 funderent
488 3818 560 3907 ipso
590 3822 729 3887 incursu
759 3820 939 3901 Aricinosq
965 3816 1153 3880 Eximanae
1185 3827 1242 3946 qs·
1261 3821 1283 3860 'x

98 3926 119 3960 f.
128 3925 173 3960 MV.
183 3925 211 3959 11.
