<?xml version="1.0" encoding="UTF-8"?>
<!DOCTYPE html PUBLIC "-//W3C//DTD XHTML 1.0 Transitional//EN"
    "http://www.w3.org/TR/xhtml1/DTD/xhtml1-transitional.dtd">
<html xmlns="http://www.w3.org/1999/xhtml" xml:lang="en" lang="en">
 <head>
  <title>
</title>
<meta http-equiv="Content-Type" content="text/html;charset=utf-8" />
  <meta name='ocr-system' content='tesseract 3.04.00' />
  <meta name='ocr-capabilities' content='ocr_page ocr_carea ocr_par ocr_line ocrx_word'/>
</head>
<body>
  <div class='ocr_page' id='page_1' title='image "./aburbeconditali02livygoog_0204.png"; bbox 0 0 2738 4146; ppageno 0'>
   <div class='ocr_carea' id='block_1_1' title="bbox 357 155 1270 234">
    <p class='ocr_par' dir='ltr' id='par_1_1' title="bbox 357 155 1270 234">
     <span class='ocr_line' id='line_1_1' title="bbox 357 155 1270 234; baseline -0.005 -19"><span class='ocrx_word' id='word_1_1' title='bbox 357 165 466 215; x_wconf 80' lang='lat' dir='ltr'>niusa</span> <span class='ocrx_word' id='word_1_2' title='bbox 483 165 568 215; x_wconf 86' lang='lat' dir='ltr'>xxu.</span> <span class='ocrx_word' id='word_1_3' title='bbox 588 165 663 215; x_wconf 76' lang='lat' dir='ltr'>can.</span> <span class='ocrx_word' id='word_1_4' title='bbox 682 169 723 217; x_wconf 68' lang='lat'>41.</span> <span class='ocrx_word' id='word_1_5' title='bbox 742 169 784 217; x_wconf 80' lang='lat' dir='ltr'>sa</span> <span class='ocrx_word' id='word_1_6' title='bbox 803 166 837 233; x_wconf 72' lang='lat' dir='ltr'>[a.</span> <span class='ocrx_word' id='word_1_7' title='bbox 856 166 889 216; x_wconf 87' lang='lat' dir='ltr'>u.</span> <span class='ocrx_word' id='word_1_8' title='bbox 908 183 930 217; x_wconf 71' lang='lat' dir='ltr'>a.</span> <span class='ocrx_word' id='word_1_9' title='bbox 949 165 1019 234; x_wconf 74' lang='lat'>5381.</span> <span class='ocrx_word' id='word_1_10' title='bbox 1212 155 1270 211; x_wconf 82' lang='lat'>191</span> 
     </span>
    </p>
   </div>
   <div class='ocr_carea' id='block_1_2' title="bbox 83 337 1340 3949">
    <p class='ocr_par' dir='ltr' id='par_1_2' title="bbox 83 337 1337 1624">
     <span class='ocr_line' id='line_1_2' title="bbox 88 337 1223 422; baseline -0.004 -16"><span class='ocrx_word' id='word_1_11' title='bbox 88 343 121 406; x_wconf 92' lang='lat' dir='ltr'>id</span> <span class='ocrx_word' id='word_1_12' title='bbox 148 339 303 403; x_wconf 89' lang='lat' dir='ltr'>damnum</span> <span class='ocrx_word' id='word_1_13' title='bbox 323 337 413 401; x_wconf 88' lang='lat' dir='ltr'>haud</span> <span class='ocrx_word' id='word_1_14' title='bbox 434 338 616 419; x_wconf 79' lang='lat' dir='ltr'>aegerrime</span> <span class='ocrx_word' id='word_1_15' title='bbox 639 339 718 420; x_wconf 75' lang='lat' dir='ltr'>pati,</span> <span class='ocrx_word' id='word_1_16' title='bbox 744 340 819 422; x_wconf 91' lang='lat' dir='ltr'>quin</span> <span class='ocrx_word' id='word_1_17' title='bbox 843 339 951 421; x_wconf 91' lang='lat' dir='ltr'>potius</span> <span class='ocrx_word' id='word_1_18' title='bbox 975 338 1110 403; x_wconf 89' lang='lat' dir='ltr'>credere</span> <span class='ocrx_word' id='word_1_19' title='bbox 1132 338 1223 403; x_wconf 87' lang='lat' dir='ltr'>velut</span> 
     </span>
     <span class='ocr_line' id='line_1_3' title="bbox 87 422 1222 492; baseline -0.003 0"><span class='ocrx_word' id='word_1_20' title='bbox 87 431 269 492; x_wconf 78' lang='lat' dir='ltr'>inescatam</span> <span class='ocrx_word' id='word_1_21' title='bbox 284 423 501 488; x_wconf 84' lang='lat' dir='ltr'>temeritatem</span> <span class='ocrx_word' id='word_1_22' title='bbox 515 422 682 486; x_wconf 83' lang='lat' dir='ltr'>ferocioris</span> <span class='ocrx_word' id='word_1_23' title='bbox 698 422 838 486; x_wconf 89' lang='lat' dir='ltr'>consulis</span> <span class='ocrx_word' id='word_1_24' title='bbox 855 445 893 485; x_wconf 89' lang='lat' dir='ltr'>ac</span> <span class='ocrx_word' id='word_1_25' title='bbox 907 445 1067 487; x_wconf 90' lang='lat' dir='ltr'>novorum</span> <span class='ocrx_word' id='word_1_26' title='bbox 1081 425 1222 489; x_wconf 82' lang='lat' dir='ltr'>maxime</span> 
     </span>
     <span class='ocr_line' id='line_1_4' title="bbox 89 508 1256 595; baseline -0.001 -18"><span class='ocrx_word' id='word_1_27' title='bbox 89 514 229 577; x_wconf 86' lang='lat' dir='ltr'>rnilitum</span> <span class='ocrx_word' id='word_1_28' title='bbox 263 531 344 573; x_wconf 91' lang='lat' dir='ltr'>esse.</span> <span class='ocrx_word' id='word_1_29' title='bbox 379 519 412 573; x_wconf 89' lang='lat' dir='ltr'>et</span> <span class='ocrx_word' id='word_1_30' title='bbox 443 510 550 572; x_wconf 90' lang='lat' dir='ltr'>omnia</span> <span class='ocrx_word' id='word_1_31' title='bbox 581 509 610 572; x_wconf 87' lang='lat' dir='ltr'>ei</span> <span class='ocrx_word' id='word_1_32' title='bbox 637 508 777 573; x_wconf 88' lang='lat' dir='ltr'>hostium</span> <span class='ocrx_word' id='word_1_33' title='bbox 809 509 896 572; x_wconf 87' lang='lat' dir='ltr'>haud</span> <span class='ocrx_word' id='word_1_34' title='bbox 928 531 1021 574; x_wconf 88' lang='lat' dir='ltr'>secus</span> <span class='ocrx_word' id='word_1_35' title='bbox 1044 532 1142 595; x_wconf 91' lang='lat' dir='ltr'>quam</span> <span class='ocrx_word' id='word_1_36' title='bbox 1165 531 1256 576; x_wconf 78' lang='lat' dir='ltr'>suaa</span> 
     </span>
     <span class='ocr_line' id='line_1_5' title="bbox 89 594 1222 683; baseline -0.001 -20"><span class='ocrx_word' id='word_1_37' title='bbox 89 609 169 663; x_wconf 88' lang='lat' dir='ltr'>nota</span> <span class='ocrx_word' id='word_1_38' title='bbox 192 605 299 660; x_wconf 86' lang='lat' dir='ltr'>erant:</span> <span class='ocrx_word' id='word_1_39' title='bbox 333 595 503 658; x_wconf 83' lang='lat' dir='ltr'>dissimiles</span> <span class='ocrx_word' id='word_1_40' title='bbox 531 594 764 679; x_wconf 82' lang='lat' dir='ltr'>discordesque</span> <span class='ocrx_word' id='word_1_41' title='bbox 787 595 982 680; x_wconf 87' lang='lat' dir='ltr'>imperitare,</span> <span class='ocrx_word' id='word_1_42' title='bbox 1016 596 1096 660; x_wconf 90' lang='lat' dir='ltr'>duas</span> <span class='ocrx_word' id='word_1_43' title='bbox 1121 620 1222 683; x_wconf 85' lang='lat' dir='ltr'>prope</span> 
     </span>
     <span class='ocr_line' id='line_1_6' title="bbox 89 680 1337 770; baseline 0.001 -23"><span class='ocrx_word' id='word_1_44' title='bbox 89 694 204 770; x_wconf 89' lang='lat' dir='ltr'>partes</span> <span class='ocrx_word' id='word_1_45' title='bbox 235 683 377 745; x_wconf 88' lang='lat' dir='ltr'>tironum</span> <span class='ocrx_word' id='word_1_46' title='bbox 406 680 545 744; x_wconf 91' lang='lat' dir='ltr'>militum</span> <span class='ocrx_word' id='word_1_47' title='bbox 576 682 608 742; x_wconf 95' lang='lat' dir='ltr'>in</span> <span class='ocrx_word' id='word_1_48' title='bbox 640 682 788 744; x_wconf 85' lang='lat' dir='ltr'>exercitu</span> <span class='ocrx_word' id='word_1_49' title='bbox 811 703 891 745; x_wconf 89' lang='lat' dir='ltr'>esse.</span> <span class='ocrx_word' id='word_1_50' title='bbox 926 683 1037 767; x_wconf 90' lang='lat' dir='ltr'>itaque</span> <span class='ocrx_word' id='word_1_51' title='bbox 1059 681 1165 747; x_wconf 89' lang='lat' dir='ltr'>locum</span> <span class='ocrx_word' id='word_1_52' title='bbox 1189 692 1259 749; x_wconf 81' lang='lat' dir='ltr'>eto</span> <span class='ocrx_word' id='word_1_53' title='bbox 1334 734 1337 741; x_wconf 87' lang='lat'>.</span> 
     </span>
     <span class='ocr_line' id='line_1_7' title="bbox 88 764 1223 853; baseline -0.001 -19"><span class='ocrx_word' id='word_1_54' title='bbox 88 786 222 853; x_wconf 87' lang='lat' dir='ltr'>tempus</span> <span class='ocrx_word' id='word_1_55' title='bbox 245 766 369 830; x_wconf 88' lang='lat' dir='ltr'>insidiis</span> <span class='ocrx_word' id='word_1_56' title='bbox 391 776 504 852; x_wconf 87' lang='lat' dir='ltr'>aptum</span> <span class='ocrx_word' id='word_1_57' title='bbox 527 789 562 830; x_wconf 86' lang='lat' dir='ltr'>se</span> <span class='ocrx_word' id='word_1_58' title='bbox 585 764 708 831; x_wconf 89' lang='lat' dir='ltr'>habere</span> <span class='ocrx_word' id='word_1_59' title='bbox 730 780 819 830; x_wconf 84' lang='lat' dir='ltr'>ratus</span> <span class='ocrx_word' id='word_1_60' title='bbox 842 777 939 831; x_wconf 88' lang='lat' dir='ltr'>nocto</span> <span class='ocrx_word' id='word_1_61' title='bbox 960 769 1120 852; x_wconf 84' lang='lat' dir='ltr'>proxima,</span> <span class='ocrx_word' id='word_1_62' title='bbox 1142 769 1223 833; x_wconf 90' lang='lat' dir='ltr'>nihil</span> 
     </span>
     <span class='ocr_line' id='line_1_8' title="bbox 89 852 1221 942; baseline -0.002 -22"><span class='ocrx_word' id='word_1_63' title='bbox 89 866 223 942; x_wconf 89' lang='lat' dir='ltr'>praeter</span> <span class='ocrx_word' id='word_1_64' title='bbox 246 874 336 916; x_wconf 87' lang='lat' dir='ltr'>arma</span> <span class='ocrx_word' id='word_1_65' title='bbox 357 853 482 916; x_wconf 83' lang='lat' dir='ltr'>ferente</span> <span class='ocrx_word' id='word_1_66' title='bbox 509 875 619 916; x_wconf 89' lang='lat' dir='ltr'>secum</span> <span class='ocrx_word' id='word_1_67' title='bbox 641 852 753 934; x_wconf 90' lang='lat' dir='ltr'>milite,</span> <span class='ocrx_word' id='word_1_68' title='bbox 786 864 892 916; x_wconf 87' lang='lat' dir='ltr'>castra</span> <span class='ocrx_word' id='word_1_69' title='bbox 913 852 1010 938; x_wconf 86' lang='lat' dir='ltr'>plena</span> <span class='ocrx_word' id='word_1_70' title='bbox 1033 856 1136 919; x_wconf 93' lang='lat' dir='ltr'>omnis</span> <span class='ocrx_word' id='word_1_71' title='bbox 1158 856 1221 918; x_wconf 87' lang='lat' dir='ltr'>for·</span> 
     </span>
     <span class='ocr_line' id='line_1_9' title="bbox 91 937 1257 1026; baseline 0 -20"><span class='ocrx_word' id='word_1_72' title='bbox 91 956 192 1006; x_wconf 89' lang='lat' dir='ltr'>tunae</span> <span class='ocrx_word' id='word_1_73' title='bbox 229 938 381 1025; x_wconf 86' lang='lat' dir='ltr'>publicae</span> <span class='ocrx_word' id='word_1_74' title='bbox 416 940 629 1023; x_wconf 81' lang='lat' dir='ltr'>privataeque</span> <span class='ocrx_word' id='word_1_75' title='bbox 670 937 824 1021; x_wconf 88' lang='lat' dir='ltr'>relinquit</span> <span class='ocrx_word' id='word_1_76' title='bbox 859 949 1012 1026; x_wconf 86' lang='lat' dir='ltr'>transque</span> <span class='ocrx_word' id='word_1_77' title='bbox 1054 943 1257 1024; x_wconf 72' lang='lat' dir='ltr'>proximos?</span> 
     </span>
     <span class='ocr_line' id='line_1_10' title="bbox 89 1024 1222 1111; baseline -0.002 -19"><span class='ocrx_word' id='word_1_78' title='bbox 89 1040 219 1092; x_wconf 89' lang='lat' dir='ltr'>montes</span> <span class='ocrx_word' id='word_1_79' title='bbox 243 1026 337 1088; x_wconf 85' lang='lat' dir='ltr'>laeva</span> <span class='ocrx_word' id='word_1_80' title='bbox 358 1024 488 1110; x_wconf 90' lang='lat' dir='ltr'>pedites</span> <span class='ocrx_word' id='word_1_81' title='bbox 515 1025 688 1088; x_wconf 84' lang='lat' dir='ltr'>instructos</span> <span class='ocrx_word' id='word_1_82' title='bbox 720 1026 839 1107; x_wconf 91' lang='lat' dir='ltr'>condit,</span> <span class='ocrx_word' id='word_1_83' title='bbox 868 1025 985 1089; x_wconf 87' lang='lat' dir='ltr'>dextra</span> <span class='ocrx_word' id='word_1_84' title='bbox 1008 1028 1142 1111; x_wconf 86' lang='lat' dir='ltr'>equites,</span> <span class='ocrx_word' id='word_1_85' title='bbox 1165 1028 1222 1090; x_wconf 91' lang='lat' dir='ltr'>im·</span> 
     </span>
     <span class='ocr_line' id='line_1_11' title="bbox 90 1109 1258 1200; baseline -0.002 -24"><span class='ocrx_word' id='word_1_86' title='bbox 90 1114 282 1200; x_wconf 88' lang='lat' dir='ltr'>pedimenta</span> <span class='ocrx_word' id='word_1_87' title='bbox 313 1131 373 1195; x_wconf 91' lang='lat' dir='ltr'>per</span> <span class='ocrx_word' id='word_1_88' title='bbox 405 1109 584 1174; x_wconf 87' lang='lat' dir='ltr'>convallem</span> <span class='ocrx_word' id='word_1_89' title='bbox 616 1111 756 1175; x_wconf 92' lang='lat' dir='ltr'>mediam</span> <span class='ocrx_word' id='word_1_90' title='bbox 783 1111 934 1194; x_wconf 89' lang='lat' dir='ltr'>traducit,</span> <span class='ocrx_word' id='word_1_91' title='bbox 966 1122 1003 1175; x_wconf 91' lang='lat' dir='ltr'>ut</span> <span class='ocrx_word' id='word_1_92' title='bbox 1034 1112 1258 1198; x_wconf 89' lang='lat' dir='ltr'>diripiendis8</span> 
     </span>
     <span class='ocr_line' id='line_1_12' title="bbox 90 1195 1223 1283; baseline 0 -21"><span class='ocrx_word' id='word_1_93' title='bbox 90 1198 183 1262; x_wconf 87' lang='lat' dir='ltr'>velut</span> <span class='ocrx_word' id='word_1_94' title='bbox 215 1197 354 1261; x_wconf 88' lang='lat' dir='ltr'>desertis</span> <span class='ocrx_word' id='word_1_95' title='bbox 386 1195 464 1279; x_wconf 86' lang='lat' dir='ltr'>fuga</span> <span class='ocrx_word' id='word_1_96' title='bbox 496 1197 697 1261; x_wconf 88' lang='lat' dir='ltr'>dominorum</span> <span class='ocrx_word' id='word_1_97' title='bbox 729 1199 842 1260; x_wconf 85' lang='lat' dir='ltr'>castris</span> <span class='ocrx_word' id='word_1_98' title='bbox 870 1209 1063 1282; x_wconf 82' lang='lat' dir='ltr'>occupatum</span> <span class='ocrx_word' id='word_1_99' title='bbox 1090 1201 1223 1283; x_wconf 89' lang='lat' dir='ltr'>impedi·</span> 
     </span>
     <span class='ocr_line' id='line_1_13' title="bbox 90 1281 1259 1369; baseline -0.002 -21"><span class='ocrx_word' id='word_1_100' title='bbox 90 1298 227 1369; x_wconf 90' lang='lat' dir='ltr'>tumque</span> <span class='ocrx_word' id='word_1_101' title='bbox 260 1282 386 1346; x_wconf 88' lang='lat' dir='ltr'>hostem</span> <span class='ocrx_word' id='word_1_102' title='bbox 415 1285 622 1366; x_wconf 89' lang='lat' dir='ltr'>opprimeret.</span> <span class='ocrx_word' id='word_1_103' title='bbox 656 1282 765 1345; x_wconf 87' lang='lat' dir='ltr'>crebri</span> <span class='ocrx_word' id='word_1_104' title='bbox 792 1281 896 1347; x_wconf 88' lang='lat' dir='ltr'>relicti</span> <span class='ocrx_word' id='word_1_105' title='bbox 919 1285 951 1346; x_wconf 92' lang='lat' dir='ltr'>in</span> <span class='ocrx_word' id='word_1_106' title='bbox 976 1285 1088 1347; x_wconf 89' lang='lat' dir='ltr'>castris</span> <span class='ocrx_word' id='word_1_107' title='bbox 1121 1286 1259 1368; x_wconf 64' lang='lat' dir='ltr'>igneae</span> 
     </span>
     <span class='ocr_line' id='line_1_14' title="bbox 92 1367 1222 1455; baseline 0 -20"><span class='ocrx_word' id='word_1_108' title='bbox 92 1381 128 1435; x_wconf 90' lang='lat' dir='ltr'>ut</span> <span class='ocrx_word' id='word_1_109' title='bbox 150 1369 235 1433; x_wconf 89' lang='lat' dir='ltr'>fides</span> <span class='ocrx_word' id='word_1_110' title='bbox 258 1368 362 1450; x_wconf 88' lang='lat' dir='ltr'>fieret,</span> <span class='ocrx_word' id='word_1_111' title='bbox 394 1367 471 1431; x_wconf 91' lang='lat' dir='ltr'>dum</span> <span class='ocrx_word' id='word_1_112' title='bbox 493 1369 563 1451; x_wconf 91' lang='lat' dir='ltr'>ipse</span> <span class='ocrx_word' id='word_1_113' title='bbox 587 1367 715 1453; x_wconf 80' lang='lat' dir='ltr'>longius</span> <span class='ocrx_word' id='word_1_114' title='bbox 747 1371 886 1453; x_wconf 87' lang='lat' dir='ltr'>spatium</span> <span class='ocrx_word' id='word_1_115' title='bbox 908 1369 986 1454; x_wconf 85' lang='lat' dir='ltr'>fuga</span> <span class='ocrx_word' id='word_1_116' title='bbox 1009 1373 1222 1455; x_wconf 89' lang='lat' dir='ltr'>praeciperet,</span> 
     </span>
     <span class='ocr_line' id='line_1_15' title="bbox 90 1454 1223 1541; baseline 0.001 -21"><span class='ocrx_word' id='word_1_117' title='bbox 90 1457 176 1520; x_wconf 84' lang='lat' dir='ltr'>l‘alsa</span> <span class='ocrx_word' id='word_1_118' title='bbox 197 1456 339 1538; x_wconf 78' lang='lat' dir='ltr'>imagine</span> <span class='ocrx_word' id='word_1_119' title='bbox 354 1459 545 1537; x_wconf 72' lang='lat' dir='ltr'>castrorum,</span> <span class='ocrx_word' id='word_1_120' title='bbox 570 1455 651 1517; x_wconf 87' lang='lat' dir='ltr'>sicut</span> <span class='ocrx_word' id='word_1_121' title='bbox 665 1454 803 1518; x_wconf 80' lang='lat' dir='ltr'>Fabium</span> <span class='ocrx_word' id='word_1_122' title='bbox 819 1457 928 1541; x_wconf 91' lang='lat' dir='ltr'>priore</span> <span class='ocrx_word' id='word_1_123' title='bbox 945 1478 1027 1519; x_wconf 89' lang='lat' dir='ltr'>anno</span> <span class='ocrx_word' id='word_1_124' title='bbox 1050 1455 1223 1522; x_wconf 83' lang='lat' dir='ltr'>frustratus</span> 
     </span>
     <span class='ocr_line' id='line_1_16' title="bbox 83 1539 829 1624; baseline -0.007 -17"><span class='ocrx_word' id='word_1_125' title='bbox 83 1551 190 1624; x_wconf 86' lang='lat' dir='ltr'>esset,</span> <span class='ocrx_word' id='word_1_126' title='bbox 212 1551 326 1604; x_wconf 90' lang='lat' dir='ltr'>tenere</span> <span class='ocrx_word' id='word_1_127' title='bbox 349 1541 381 1603; x_wconf 89' lang='lat' dir='ltr'>in</span> <span class='ocrx_word' id='word_1_128' title='bbox 404 1540 482 1603; x_wconf 88' lang='lat' dir='ltr'>locis</span> <span class='ocrx_word' id='word_1_129' title='bbox 505 1539 656 1603; x_wconf 88' lang='lat' dir='ltr'>consules</span> <span class='ocrx_word' id='word_1_130' title='bbox 678 1541 829 1604; x_wconf 62' lang='lat' dir='ltr'>voluisse.</span> 
     </span>
    </p>

    <p class='ocr_par' dir='ltr' id='par_1_3' title="bbox 87 1625 1340 3949">
     <span class='ocr_line' id='line_1_17' title="bbox 194 1625 1257 1708; baseline 0.002 -19"><span class='ocrx_word' id='word_1_131' title='bbox 194 1626 304 1690; x_wconf 87' lang='lat' dir='ltr'><strong>XLII.</strong></span> <span class='ocrx_word' id='word_1_132' title='bbox 328 1625 394 1690; x_wconf 91' lang='lat' dir='ltr'>Ubi</span> <span class='ocrx_word' id='word_1_133' title='bbox 416 1625 541 1708; x_wconf 84' lang='lat' dir='ltr'>inluxit,</span> <span class='ocrx_word' id='word_1_134' title='bbox 576 1626 755 1691; x_wconf 87' lang='lat' dir='ltr'>subductae</span> <span class='ocrx_word' id='word_1_135' title='bbox 779 1628 882 1707; x_wconf 87' lang='lat' dir='ltr'>primo</span> <span class='ocrx_word' id='word_1_136' title='bbox 906 1631 1071 1707; x_wconf 87' lang='lat' dir='ltr'>stationes,</span> <span class='ocrx_word' id='word_1_137' title='bbox 1106 1629 1224 1694; x_wconf 91' lang='lat' dir='ltr'>deinde</span> <span class='ocrx_word' id='word_1_138' title='bbox 1244 1644 1257 1691; x_wconf 93' lang='lat'><strong>1</strong></span> 
     </span>
     <span class='ocr_line' id='line_1_18' title="bbox 91 1711 1222 1800; baseline 0.001 -23"><span class='ocrx_word' id='word_1_139' title='bbox 91 1714 227 1800; x_wconf 89' lang='lat' dir='ltr'>propius</span> <span class='ocrx_word' id='word_1_140' title='bbox 259 1711 454 1776; x_wconf 86' lang='lat' dir='ltr'>adeuntibus</span> <span class='ocrx_word' id='word_1_141' title='bbox 484 1712 648 1776; x_wconf 88' lang='lat' dir='ltr'>insolitum</span> <span class='ocrx_word' id='word_1_142' title='bbox 681 1712 843 1776; x_wconf 86' lang='lat' dir='ltr'>silentium</span> <span class='ocrx_word' id='word_1_143' title='bbox 867 1713 1113 1778; x_wconf 86' lang='lat' dir='ltr'>admirationem</span> <span class='ocrx_word' id='word_1_144' title='bbox 1135 1714 1222 1779; x_wconf 89' lang='lat' dir='ltr'>feeit.</span> 
     </span>
     <span class='ocr_line' id='line_1_19' title="bbox 90 1797 1259 1880; baseline 0.001 -16"><span class='ocrx_word' id='word_1_145' title='bbox 90 1815 161 1864; x_wconf 87' lang='lat' dir='ltr'>tum</span> <span class='ocrx_word' id='word_1_146' title='bbox 186 1798 264 1862; x_wconf 87' lang='lat' dir='ltr'>satia</span> <span class='ocrx_word' id='word_1_147' title='bbox 293 1809 459 1880; x_wconf 86' lang='lat' dir='ltr'>comperta</span> <span class='ocrx_word' id='word_1_148' title='bbox 491 1797 665 1862; x_wconf 87' lang='lat' dir='ltr'>solitudine</span> <span class='ocrx_word' id='word_1_149' title='bbox 695 1801 727 1862; x_wconf 89' lang='lat' dir='ltr'>in</span> <span class='ocrx_word' id='word_1_150' title='bbox 759 1801 872 1862; x_wconf 85' lang='lat' dir='ltr'>castris</span> <span class='ocrx_word' id='word_1_151' title='bbox 905 1821 1080 1862; x_wconf 89' lang='lat' dir='ltr'>concursus</span> <span class='ocrx_word' id='word_1_152' title='bbox 1114 1800 1150 1864; x_wconf 86' lang='lat' dir='ltr'>fit</span> <span class='ocrx_word' id='word_1_153' title='bbox 1181 1802 1259 1864; x_wconf 74' lang='lat' dir='ltr'>ada</span> 
     </span>
     <span class='ocr_line' id='line_1_20' title="bbox 92 1882 1223 1973; baseline 0 -24"><span class='ocrx_word' id='word_1_154' title='bbox 92 1886 257 1972; x_wconf 87' lang='lat' dir='ltr'>praetoria</span> <span class='ocrx_word' id='word_1_155' title='bbox 280 1882 448 1948; x_wconf 89' lang='lat' dir='ltr'>consulum</span> <span class='ocrx_word' id='word_1_156' title='bbox 471 1887 683 1948; x_wconf 87' lang='lat' dir='ltr'>nuntiantium</span> <span class='ocrx_word' id='word_1_157' title='bbox 715 1885 825 1967; x_wconf 83' lang='lat' dir='ltr'>sugam</span> <span class='ocrx_word' id='word_1_158' title='bbox 848 1883 989 1950; x_wconf 82' lang='lat' dir='ltr'>hostium</span> <span class='ocrx_word' id='word_1_159' title='bbox 1021 1887 1102 1949; x_wconf 89' lang='lat' dir='ltr'>adeo</span> <span class='ocrx_word' id='word_1_160' title='bbox 1126 1889 1223 1973; x_wconf 91' lang='lat' dir='ltr'>trepi-</span> 
     </span>
     <span class='ocr_line' id='line_1_21' title="bbox 91 1968 1223 2059; baseline 0.002 -25"><span class='ocrx_word' id='word_1_161' title='bbox 91 1973 179 2052; x_wconf 88' lang='lat' dir='ltr'>dam,</span> <span class='ocrx_word' id='word_1_162' title='bbox 211 1980 249 2034; x_wconf 90' lang='lat' dir='ltr'>ut</span> <span class='ocrx_word' id='word_1_163' title='bbox 278 1968 496 2034; x_wconf 87' lang='lat' dir='ltr'>tabernaculis</span> <span class='ocrx_word' id='word_1_164' title='bbox 527 1970 684 2034; x_wconf 90' lang='lat' dir='ltr'>stantibus</span> <span class='ocrx_word' id='word_1_165' title='bbox 717 1982 823 2034; x_wconf 89' lang='lat' dir='ltr'>castra</span> <span class='ocrx_word' id='word_1_166' title='bbox 860 1971 1059 2057; x_wconf 83' lang='lat' dir='ltr'>reliquerint,</span> <span class='ocrx_word' id='word_1_167' title='bbox 1092 1993 1223 2059; x_wconf 88' lang='lat' dir='ltr'>quoque</span> 
     </span>
     <span class='ocr_line' id='line_1_22' title="bbox 90 2055 1259 2142; baseline 0.003 -22"><span class='ocrx_word' id='word_1_168' title='bbox 90 2058 170 2142; x_wconf 83' lang='lat' dir='ltr'>fuga</span> <span class='ocrx_word' id='word_1_169' title='bbox 192 2055 361 2120; x_wconf 84' lang='lat' dir='ltr'>obscurior</span> <span class='ocrx_word' id='word_1_170' title='bbox 383 2064 480 2129; x_wconf 88' lang='lat' dir='ltr'>esset,</span> <span class='ocrx_word' id='word_1_171' title='bbox 513 2057 644 2121; x_wconf 89' lang='lat' dir='ltr'>crebros</span> <span class='ocrx_word' id='word_1_172' title='bbox 673 2059 770 2120; x_wconf 89' lang='lat' dir='ltr'>etiam</span> <span class='ocrx_word' id='word_1_173' title='bbox 801 2056 930 2121; x_wconf 89' lang='lat' dir='ltr'>relictos</span> <span class='ocrx_word' id='word_1_174' title='bbox 961 2059 1063 2141; x_wconf 79' lang='lat' dir='ltr'>ignes.</span> <span class='ocrx_word' id='word_1_175' title='bbox 1102 2057 1259 2125; x_wconf 78' lang='lat' dir='ltr'>clamore</span> 
     </span>
     <span class='ocr_line' id='line_1_23' title="bbox 91 2141 1223 2231; baseline 0.003 -25"><span class='ocrx_word' id='word_1_176' title='bbox 91 2143 170 2207; x_wconf 90' lang='lat' dir='ltr'>inde</span> <span class='ocrx_word' id='word_1_177' title='bbox 192 2151 292 2225; x_wconf 89' lang='lat' dir='ltr'>ortus,</span> <span class='ocrx_word' id='word_1_178' title='bbox 315 2151 351 2204; x_wconf 93' lang='lat' dir='ltr'>ut</span> <span class='ocrx_word' id='word_1_179' title='bbox 366 2143 458 2225; x_wconf 84' lang='lat' dir='ltr'>signa</span> <span class='ocrx_word' id='word_1_180' title='bbox 479 2142 618 2226; x_wconf 89' lang='lat' dir='ltr'>proferri</span> <span class='ocrx_word' id='word_1_181' title='bbox 631 2141 782 2206; x_wconf 88' lang='lat' dir='ltr'>iuberent</span> <span class='ocrx_word' id='word_1_182' title='bbox 805 2143 1026 2229; x_wconf 90' lang='lat' dir='ltr'>ducerentque</span> <span class='ocrx_word' id='word_1_183' title='bbox 1049 2145 1091 2208; x_wconf 91' lang='lat' dir='ltr'>ad</span> <span class='ocrx_word' id='word_1_184' title='bbox 1114 2167 1223 2231; x_wconf 91' lang='lat' dir='ltr'>perse-</span> 
     </span>
     <span class='ocr_line' id='line_1_24' title="bbox 92 2228 1223 2315; baseline 0.002 -23"><span class='ocrx_word' id='word_1_185' title='bbox 92 2228 242 2315; x_wconf 87' lang='lat' dir='ltr'>quendos</span> <span class='ocrx_word' id='word_1_186' title='bbox 267 2228 389 2292; x_wconf 82' lang='lat' dir='ltr'>&#39;hostes</span> <span class='ocrx_word' id='word_1_187' title='bbox 427 2250 466 2291; x_wconf 87' lang='lat' dir='ltr'>ac</span> <span class='ocrx_word' id='word_1_188' title='bbox 497 2230 643 2313; x_wconf 89' lang='lat' dir='ltr'>protinus</span> <span class='ocrx_word' id='word_1_189' title='bbox 674 2238 780 2292; x_wconf 87' lang='lat' dir='ltr'>castra</span> <span class='ocrx_word' id='word_1_190' title='bbox 815 2230 1004 2313; x_wconf 87' lang='lat' dir='ltr'>diripienda.</span> <span class='ocrx_word' id='word_1_191' title='bbox 1042 2241 1075 2293; x_wconf 91' lang='lat' dir='ltr'>et</span> <span class='ocrx_word' id='word_1_192' title='bbox 1111 2231 1223 2296; x_wconf 90' lang='lat' dir='ltr'>consul</span> 
     </span>
     <span class='ocr_line' id='line_1_25' title="bbox 91 2311 1259 2403; baseline 0.005 -25"><span class='ocrx_word' id='word_1_193' title='bbox 91 2315 176 2380; x_wconf 87' lang='lat' dir='ltr'>alter</span> <span class='ocrx_word' id='word_1_194' title='bbox 197 2311 290 2377; x_wconf 89' lang='lat' dir='ltr'>velut</span> <span class='ocrx_word' id='word_1_195' title='bbox 311 2335 395 2376; x_wconf 91' lang='lat' dir='ltr'>unus</span> <span class='ocrx_word' id='word_1_196' title='bbox 429 2313 544 2378; x_wconf 87' lang='lat' dir='ltr'>turbae</span> <span class='ocrx_word' id='word_1_197' title='bbox 566 2313 712 2379; x_wconf 87' lang='lat' dir='ltr'>militaria</span> <span class='ocrx_word' id='word_1_198' title='bbox 745 2324 827 2395; x_wconf 82' lang='lat' dir='ltr'>erat3</span> <span class='ocrx_word' id='word_1_199' title='bbox 862 2314 980 2378; x_wconf 89' lang='lat' dir='ltr'>Paulus</span> <span class='ocrx_word' id='word_1_200' title='bbox 1004 2318 1100 2380; x_wconf 86' lang='lat' dir='ltr'>etism</span> <span class='ocrx_word' id='word_1_201' title='bbox 1125 2328 1259 2403; x_wconf 75' lang='lat' dir='ltr'>atquet</span> 
     </span>
     <span class='ocr_line' id='line_1_26' title="bbox 90 2400 1222 2487; baseline 0.002 -22"><span class='ocrx_word' id='word_1_202' title='bbox 90 2402 189 2466; x_wconf 88' lang='lat' dir='ltr'>etiam</span> <span class='ocrx_word' id='word_1_203' title='bbox 214 2400 323 2463; x_wconf 87' lang='lat' dir='ltr'>dicere</span> <span class='ocrx_word' id='word_1_204' title='bbox 339 2400 575 2482; x_wconf 86' lang='lat' dir='ltr'>providendum</span> <span class='ocrx_word' id='word_1_205' title='bbox 592 2402 918 2486; x_wconf 86' lang='lat' dir='ltr'>praecavendumque</span> <span class='ocrx_word' id='word_1_206' title='bbox 935 2419 1022 2480; x_wconf 87' lang='lat' dir='ltr'>esse;</span> <span class='ocrx_word' id='word_1_207' title='bbox 1046 2412 1222 2487; x_wconf 90' lang='lat' dir='ltr'>postremo,</span> 
     </span>
     <span class='ocr_line' id='line_1_27' title="bbox 91 2484 1222 2572; baseline 0.001 -21"><span class='ocrx_word' id='word_1_208' title='bbox 91 2510 166 2552; x_wconf 92' lang='lat' dir='ltr'>cum</span> <span class='ocrx_word' id='word_1_209' title='bbox 190 2484 286 2550; x_wconf 90' lang='lat' dir='ltr'>aliter</span> <span class='ocrx_word' id='word_1_210' title='bbox 306 2507 413 2571; x_wconf 91' lang='lat' dir='ltr'>neque</span> <span class='ocrx_word' id='word_1_211' title='bbox 437 2487 628 2550; x_wconf 88' lang='lat' dir='ltr'>seditionem</span> <span class='ocrx_word' id='word_1_212' title='bbox 650 2509 757 2572; x_wconf 88' lang='lat' dir='ltr'>neque</span> <span class='ocrx_word' id='word_1_213' title='bbox 790 2487 906 2550; x_wconf 88' lang='lat' dir='ltr'>ducem</span> <span class='ocrx_word' id='word_1_214' title='bbox 938 2487 1105 2552; x_wconf 89' lang='lat' dir='ltr'>seditionis</span> <span class='ocrx_word' id='word_1_215' title='bbox 1128 2491 1222 2552; x_wconf 89' lang='lat' dir='ltr'>susti-</span> 
     </span>
     <span class='ocr_line' id='line_1_28' title="bbox 89 2571 1340 2658; baseline 0.001 -21"><span class='ocrx_word' id='word_1_216' title='bbox 89 2595 170 2638; x_wconf 91' lang='lat' dir='ltr'>nere</span> <span class='ocrx_word' id='word_1_217' title='bbox 184 2582 307 2658; x_wconf 88' lang='lat' dir='ltr'>posset,</span> <span class='ocrx_word' id='word_1_218' title='bbox 323 2571 463 2636; x_wconf 88' lang='lat' dir='ltr'>Marium</span> <span class='ocrx_word' id='word_1_219' title='bbox 477 2571 639 2636; x_wconf 86' lang='lat' dir='ltr'>Statilium</span> <span class='ocrx_word' id='word_1_220' title='bbox 662 2572 864 2657; x_wconf 84' lang='lat' dir='ltr'>praefectum</span> <span class='ocrx_word' id='word_1_221' title='bbox 880 2594 953 2635; x_wconf 91' lang='lat' dir='ltr'>eum</span> <span class='ocrx_word' id='word_1_222' title='bbox 969 2584 1076 2636; x_wconf 88' lang='lat' dir='ltr'>turma</span> <span class='ocrx_word' id='word_1_223' title='bbox 1091 2574 1224 2638; x_wconf 87' lang='lat' dir='ltr'>Lucana</span> <span class='ocrx_word' id='word_1_224' title='bbox 1257 2620 1258 2623; x_wconf 19' lang='grc' dir='ltr'><strong>κ</strong></span> <span class='ocrx_word' id='word_1_225' title='bbox 1337 2584 1340 2589; x_wconf 80' lang='grc'><em>“</em></span> 
     </span>
     <span class='ocr_line' id='line_1_29' title="bbox 89 2657 1258 2744; baseline 0.004 -21"><span class='ocrx_word' id='word_1_226' title='bbox 89 2657 299 2742; x_wconf 84' lang='lat' dir='ltr'>exploratum</span> <span class='ocrx_word' id='word_1_227' title='bbox 313 2658 420 2721; x_wconf 90' lang='lat' dir='ltr'>mittit.</span> <span class='ocrx_word' id='word_1_228' title='bbox 445 2661 500 2743; x_wconf 92' lang='lat' dir='ltr'>qui</span> <span class='ocrx_word' id='word_1_229' title='bbox 515 2657 571 2722; x_wconf 91' lang='lat' dir='ltr'>ubi</span> <span class='ocrx_word' id='word_1_230' title='bbox 587 2659 787 2744; x_wconf 86' lang='lat' dir='ltr'>adequitavit</span> <span class='ocrx_word' id='word_1_231' title='bbox 801 2661 914 2744; x_wconf 88' lang='lat' dir='ltr'>portis,</span> <span class='ocrx_word' id='word_1_232' title='bbox 935 2658 1113 2724; x_wconf 86' lang='lat' dir='ltr'>subsistere</span> <span class='ocrx_word' id='word_1_233' title='bbox 1130 2672 1224 2725; x_wconf 85' lang='lat' dir='ltr'>extra</span> <span class='ocrx_word' id='word_1_234' title='bbox 1242 2682 1258 2730; x_wconf 77' lang='lat' dir='ltr'>a</span> 
     </span>
     <span class='ocr_line' id='line_1_30' title="bbox 90 2744 1223 2829; baseline 0.004 -21"><span class='ocrx_word' id='word_1_235' title='bbox 90 2744 292 2808; x_wconf 86' lang='lat' dir='ltr'>munimenta</span> <span class='ocrx_word' id='word_1_236' title='bbox 315 2744 433 2806; x_wconf 88' lang='lat' dir='ltr'>ceteris</span> <span class='ocrx_word' id='word_1_237' title='bbox 456 2747 550 2809; x_wconf 87' lang='lat' dir='ltr'>iussis</span> <span class='ocrx_word' id='word_1_238' title='bbox 573 2747 643 2829; x_wconf 89' lang='lat' dir='ltr'>ipse</span> <span class='ocrx_word' id='word_1_239' title='bbox 667 2766 740 2808; x_wconf 89' lang='lat' dir='ltr'>cum</span> <span class='ocrx_word' id='word_1_240' title='bbox 764 2745 892 2809; x_wconf 91' lang='lat' dir='ltr'>duobus</span> <span class='ocrx_word' id='word_1_241' title='bbox 916 2745 1078 2829; x_wconf 88' lang='lat' dir='ltr'>equitibus</span> <span class='ocrx_word' id='word_1_242' title='bbox 1102 2747 1223 2812; x_wconf 86' lang='lat' dir='ltr'>vallum</span> 
     </span>
     <span class='ocr_line' id='line_1_31' title="bbox 90 2828 1223 2916; baseline 0.004 -22"><span class='ocrx_word' id='word_1_243' title='bbox 90 2831 227 2894; x_wconf 84' lang='lat' dir='ltr'>intravit</span> <span class='ocrx_word' id='word_1_244' title='bbox 257 2828 509 2916; x_wconf 89' lang='lat' dir='ltr'>speculatusque</span> <span class='ocrx_word' id='word_1_245' title='bbox 546 2832 654 2894; x_wconf 88' lang='lat' dir='ltr'>omnia</span> <span class='ocrx_word' id='word_1_246' title='bbox 685 2854 759 2894; x_wconf 89' lang='lat' dir='ltr'>cum</span> <span class='ocrx_word' id='word_1_247' title='bbox 791 2854 869 2896; x_wconf 90' lang='lat' dir='ltr'>eura</span> <span class='ocrx_word' id='word_1_248' title='bbox 899 2834 1062 2897; x_wconf 89' lang='lat' dir='ltr'>renuntiat</span> <span class='ocrx_word' id='word_1_249' title='bbox 1091 2834 1223 2898; x_wconf 88' lang='lat' dir='ltr'>insidias</span> 
     </span>
     <span class='ocr_line' id='line_1_32' title="bbox 89 2916 1259 3004; baseline 0.005 -25"><span class='ocrx_word' id='word_1_250' title='bbox 89 2916 240 3000; x_wconf 85' lang='lat' dir='ltr'>profecto</span> <span class='ocrx_word' id='word_1_251' title='bbox 272 2931 356 2980; x_wconf 89' lang='lat' dir='ltr'>esse:</span> <span class='ocrx_word' id='word_1_252' title='bbox 391 2917 483 2999; x_wconf 86' lang='lat' dir='ltr'>ignes</span> <span class='ocrx_word' id='word_1_253' title='bbox 510 2918 543 2980; x_wconf 94' lang='lat' dir='ltr'>in</span> <span class='ocrx_word' id='word_1_254' title='bbox 574 2928 668 3000; x_wconf 88' lang='lat' dir='ltr'>parte</span> <span class='ocrx_word' id='word_1_255' title='bbox 701 2927 891 3001; x_wconf 85' lang='lat' dir='ltr'>castrorum,</span> <span class='ocrx_word' id='word_1_256' title='bbox 928 2941 1011 3004; x_wconf 85' lang='lat' dir='ltr'>quae</span> <span class='ocrx_word' id='word_1_257' title='bbox 1046 2932 1161 3003; x_wconf 80' lang='lat' dir='ltr'>vergat</span> <span class='ocrx_word' id='word_1_258' title='bbox 1191 2923 1259 2991; x_wconf 78' lang='lat' dir='ltr'>ina</span> 
     </span>
     <span class='ocr_line' id='line_1_33' title="bbox 89 3000 1225 3091; baseline 0.006 -27"><span class='ocrx_word' id='word_1_259' title='bbox 89 3001 230 3083; x_wconf 86' lang='lat' dir='ltr'>hostem,</span> <span class='ocrx_word' id='word_1_260' title='bbox 245 3000 387 3085; x_wconf 85' lang='lat' dir='ltr'>relictos,</span> <span class='ocrx_word' id='word_1_261' title='bbox 407 3001 618 3066; x_wconf 87' lang='lat' dir='ltr'>tabernacula</span> <span class='ocrx_word' id='word_1_262' title='bbox 633 3016 747 3087; x_wconf 88' lang='lat' dir='ltr'>aperta</span> <span class='ocrx_word' id='word_1_263' title='bbox 763 3015 794 3067; x_wconf 89' lang='lat' dir='ltr'>et</span> <span class='ocrx_word' id='word_1_264' title='bbox 809 3005 917 3068; x_wconf 87' lang='lat' dir='ltr'>omnia</span> <span class='ocrx_word' id='word_1_265' title='bbox 934 3027 1008 3068; x_wconf 87' lang='lat' dir='ltr'>cara</span> <span class='ocrx_word' id='word_1_266' title='bbox 1022 3006 1054 3068; x_wconf 92' lang='lat' dir='ltr'>in</span> <span class='ocrx_word' id='word_1_267' title='bbox 1070 3017 1225 3091; x_wconf 89' lang='lat' dir='ltr'>promptu</span> 
     </span>
     <span class='ocr_line' id='line_1_34' title="bbox 89 3087 1259 3176; baseline 0.005 -26"><span class='ocrx_word' id='word_1_268' title='bbox 89 3087 218 3169; x_wconf 82' lang='lat' dir='ltr'>relicta3</span> <span class='ocrx_word' id='word_1_269' title='bbox 252 3097 423 3170; x_wconf 87' lang='lat' dir='ltr'>argentum</span> <span class='ocrx_word' id='word_1_270' title='bbox 454 3088 649 3174; x_wconf 88' lang='lat' dir='ltr'>quibusdam</span> <span class='ocrx_word' id='word_1_271' title='bbox 681 3088 761 3153; x_wconf 90' lang='lat' dir='ltr'>locis</span> <span class='ocrx_word' id='word_1_272' title='bbox 792 3099 916 3154; x_wconf 88' lang='lat' dir='ltr'>temere</span> <span class='ocrx_word' id='word_1_273' title='bbox 948 3113 1007 3176; x_wconf 89' lang='lat' dir='ltr'>per</span> <span class='ocrx_word' id='word_1_274' title='bbox 1038 3093 1107 3155; x_wconf 90' lang='lat' dir='ltr'>vias</span> <span class='ocrx_word' id='word_1_275' title='bbox 1133 3091 1224 3156; x_wconf 85' lang='lat' dir='ltr'>velut</span> <span class='ocrx_word' id='word_1_276' title='bbox 1256 3115 1259 3119; x_wconf 73' lang='grc'><em>’</em></span> 
     </span>
     <span class='ocr_line' id='line_1_35' title="bbox 89 3173 1258 3264; baseline 0.003 -26"><span class='ocrx_word' id='word_1_277' title='bbox 89 3173 256 3238; x_wconf 89' lang='lat' dir='ltr'>obiectum</span> <span class='ocrx_word' id='word_1_278' title='bbox 278 3174 318 3236; x_wconf 89' lang='lat' dir='ltr'>ad</span> <span class='ocrx_word' id='word_1_279' title='bbox 344 3173 499 3258; x_wconf 90' lang='lat' dir='ltr'>praedam</span> <span class='ocrx_word' id='word_1_280' title='bbox 521 3176 651 3239; x_wconf 88' lang='lat' dir='ltr'>vidisse.</span> <span class='ocrx_word' id='word_1_281' title='bbox 685 3197 768 3259; x_wconf 89' lang='lat' dir='ltr'>quae</span> <span class='ocrx_word' id='word_1_282' title='bbox 793 3176 835 3238; x_wconf 91' lang='lat' dir='ltr'>ad</span> <span class='ocrx_word' id='word_1_283' title='bbox 859 3177 1070 3241; x_wconf 89' lang='lat' dir='ltr'>deterrendos</span> <span class='ocrx_word' id='word_1_284' title='bbox 1094 3200 1113 3240; x_wconf 89' lang='lat' dir='ltr'>a</span> <span class='ocrx_word' id='word_1_285' title='bbox 1136 3180 1222 3264; x_wconf 90' lang='lat' dir='ltr'>cupi·</span> <span class='ocrx_word' id='word_1_286' title='bbox 1244 3203 1258 3250; x_wconf 83' lang='lat'>7</span> 
     </span>
     <span class='ocr_line' id='line_1_36' title="bbox 90 3261 1222 3346; baseline 0.005 -23"><span class='ocrx_word' id='word_1_287' title='bbox 90 3262 193 3345; x_wconf 85' lang='lat' dir='ltr'>ditate</span> <span class='ocrx_word' id='word_1_288' title='bbox 227 3261 351 3323; x_wconf 88' lang='lat' dir='ltr'>animos</span> <span class='ocrx_word' id='word_1_289' title='bbox 384 3262 530 3324; x_wconf 87' lang='lat' dir='ltr'>nuntiata</span> <span class='ocrx_word' id='word_1_290' title='bbox 562 3273 665 3343; x_wconf 85' lang='lat' dir='ltr'>erant,</span> <span class='ocrx_word' id='word_1_291' title='bbox 702 3284 739 3325; x_wconf 89' lang='lat' dir='ltr'>ea</span> <span class='ocrx_word' id='word_1_292' title='bbox 762 3263 990 3346; x_wconf 85' lang='lat' dir='ltr'>accenderunt,</span> <span class='ocrx_word' id='word_1_293' title='bbox 1025 3273 1057 3327; x_wconf 90' lang='lat' dir='ltr'>et</span> <span class='ocrx_word' id='word_1_294' title='bbox 1080 3263 1222 3329; x_wconf 89' lang='lat' dir='ltr'>clamore</span> 
     </span>
     <span class='ocr_line' id='line_1_37' title="bbox 89 3344 1222 3431; baseline 0.003 -20"><span class='ocrx_word' id='word_1_295' title='bbox 89 3357 163 3411; x_wconf 89' lang='lat' dir='ltr'>orto</span> <span class='ocrx_word' id='word_1_296' title='bbox 187 3367 207 3408; x_wconf 89' lang='lat' dir='ltr'>a</span> <span class='ocrx_word' id='word_1_297' title='bbox 228 3344 393 3428; x_wconf 88' lang='lat' dir='ltr'>militibus,</span> <span class='ocrx_word' id='word_1_298' title='bbox 416 3346 449 3408; x_wconf 92' lang='lat' dir='ltr'>ni</span> <span class='ocrx_word' id='word_1_299' title='bbox 464 3347 590 3430; x_wconf 81' lang='lat' dir='ltr'>signum</span> <span class='ocrx_word' id='word_1_300' title='bbox 615 3348 718 3429; x_wconf 88' lang='lat' dir='ltr'>detur,</span> <span class='ocrx_word' id='word_1_301' title='bbox 741 3349 809 3412; x_wconf 88' lang='lat' dir='ltr'>sine</span> <span class='ocrx_word' id='word_1_302' title='bbox 826 3348 964 3413; x_wconf 90' lang='lat' dir='ltr'>ducibus</span> <span class='ocrx_word' id='word_1_303' title='bbox 986 3350 1099 3431; x_wconf 90' lang='lat' dir='ltr'>ituros,</span> <span class='ocrx_word' id='word_1_304' title='bbox 1121 3350 1222 3414; x_wconf 86' lang='lat' dir='ltr'>haud-</span> 
     </span>
     <span class='ocr_line' id='line_1_38' title="bbox 89 3430 1223 3519; baseline 0.004 -23"><span class='ocrx_word' id='word_1_305' title='bbox 89 3454 155 3517; x_wconf 87' lang='lat' dir='ltr'>qua</span> <span class='ocrx_word' id='word_1_306' title='bbox 179 3453 256 3495; x_wconf 92' lang='lat' dir='ltr'>uam</span> <span class='ocrx_word' id='word_1_307' title='bbox 288 3430 356 3494; x_wconf 83' lang='lat' dir='ltr'>dux</span> <span class='ocrx_word' id='word_1_308' title='bbox 388 3431 503 3495; x_wconf 84' lang='lat' dir='ltr'>defuit:</span> <span class='ocrx_word' id='word_1_309' title='bbox 538 3455 613 3496; x_wconf 87' lang='lat' dir='ltr'>nam</span> <span class='ocrx_word' id='word_1_310' title='bbox 646 3433 811 3519; x_wconf 84' lang='lat' dir='ltr'>extemplo</span> <span class='ocrx_word' id='word_1_311' title='bbox 836 3433 940 3498; x_wconf 89' lang='lat' dir='ltr'>Varro</span> <span class='ocrx_word' id='word_1_312' title='bbox 973 3436 1098 3518; x_wconf 81' lang='lat' dir='ltr'>signum</span> <span class='ocrx_word' id='word_1_313' title='bbox 1132 3437 1223 3501; x_wconf 90' lang='lat' dir='ltr'>dedit</span> 
     </span>
     <span class='ocr_line' id='line_1_39' title="bbox 89 3454 1256 3607; baseline 0.003 -25"><span class='ocrx_word' id='word_1_314' title='bbox 89 3454 330 3602; x_wconf 80' lang='lat' dir='ltr'>proliciscendi.</span> <span class='ocrx_word' id='word_1_315' title='bbox 368 3516 495 3601; x_wconf 89' lang='lat' dir='ltr'>Paulus,</span> <span class='ocrx_word' id='word_1_316' title='bbox 534 3542 607 3583; x_wconf 90' lang='lat' dir='ltr'>cum</span> <span class='ocrx_word' id='word_1_317' title='bbox 642 3521 671 3583; x_wconf 89' lang='lat' dir='ltr'>ei</span> <span class='ocrx_word' id='word_1_318' title='bbox 708 3542 767 3584; x_wconf 85' lang='lat' dir='ltr'>sua</span> <span class='ocrx_word' id='word_1_319' title='bbox 799 3532 913 3607; x_wconf 91' lang='lat' dir='ltr'>sponte</span> <span class='ocrx_word' id='word_1_320' title='bbox 948 3524 1111 3585; x_wconf 90' lang='lat' dir='ltr'>cunctanti</span> <span class='ocrx_word' id='word_1_321' title='bbox 1141 3521 1256 3607; x_wconf 70' lang='lat' dir='ltr'>pullis</span> 
     </span>
     <span class='ocr_line' id='line_1_40' title="bbox 88 3604 1264 3694; baseline 0.004 -26"><span class='ocrx_word' id='word_1_322' title='bbox 88 3625 222 3691; x_wconf 89' lang='lat' dir='ltr'>quoque</span> <span class='ocrx_word' id='word_1_323' title='bbox 245 3604 389 3690; x_wconf 87' lang='lat' dir='ltr'>auspicio</span> <span class='ocrx_word' id='word_1_324' title='bbox 413 3626 477 3667; x_wconf 94' lang='lat' dir='ltr'>non</span> <span class='ocrx_word' id='word_1_325' title='bbox 494 3605 704 3689; x_wconf 86' lang='lat' dir='ltr'>addixissent,</span> <span class='ocrx_word' id='word_1_326' title='bbox 727 3608 869 3670; x_wconf 88' lang='lat' dir='ltr'>nuntiari</span> <span class='ocrx_word' id='word_1_327' title='bbox 883 3608 948 3670; x_wconf 88' lang='lat' dir='ltr'>iam</span> <span class='ocrx_word' id='word_1_328' title='bbox 964 3607 1110 3672; x_wconf 84' lang='lat' dir='ltr'>efferenti</span> <span class='ocrx_word' id='word_1_329' title='bbox 1126 3619 1221 3694; x_wconf 91' lang='lat' dir='ltr'>porta</span> <span class='ocrx_word' id='word_1_330' title='bbox 1262 3627 1264 3631; x_wconf 82' lang='lat'>&#39;</span> 
     </span>
     <span class='ocr_line' id='line_1_41' title="bbox 88 3688 1257 3778; baseline 0.005 -24"><span class='ocrx_word' id='word_1_331' title='bbox 88 3692 181 3774; x_wconf 82' lang='lat' dir='ltr'>signa</span> <span class='ocrx_word' id='word_1_332' title='bbox 214 3688 370 3772; x_wconf 83' lang='lat' dir='ltr'>conlegae</span> <span class='ocrx_word' id='word_1_333' title='bbox 407 3691 507 3754; x_wconf 90' lang='lat' dir='ltr'>iussit.</span> <span class='ocrx_word' id='word_1_334' title='bbox 547 3691 634 3778; x_wconf 91' lang='lat' dir='ltr'>quod</span> <span class='ocrx_word' id='word_1_335' title='bbox 672 3714 867 3778; x_wconf 85' lang='lat' dir='ltr'>quamquam</span> <span class='ocrx_word' id='word_1_336' title='bbox 900 3692 1005 3758; x_wconf 90' lang='lat' dir='ltr'>Varro</span> <span class='ocrx_word' id='word_1_337' title='bbox 1043 3716 1141 3778; x_wconf 82' lang='lat' dir='ltr'>aegre</span> <span class='ocrx_word' id='word_1_338' title='bbox 1173 3705 1257 3769; x_wconf 81' lang='lat' dir='ltr'>esto</span> 
     </span>
     <span class='ocr_line' id='line_1_42' title="bbox 87 3774 1220 3866; baseline 0.004 -25"><span class='ocrx_word' id='word_1_339' title='bbox 87 3799 215 3862; x_wconf 86' lang='lat' dir='ltr'>passus,</span> <span class='ocrx_word' id='word_1_340' title='bbox 248 3774 400 3839; x_wconf 86' lang='lat' dir='ltr'>Flaminii</span> <span class='ocrx_word' id='word_1_341' title='bbox 436 3787 545 3840; x_wconf 89' lang='lat' dir='ltr'>tamen</span> <span class='ocrx_word' id='word_1_342' title='bbox 578 3800 691 3842; x_wconf 88' lang='lat' dir='ltr'>recens</span> <span class='ocrx_word' id='word_1_343' title='bbox 723 3801 814 3842; x_wconf 85' lang='lat' dir='ltr'>casus</span> <span class='ocrx_word' id='word_1_344' title='bbox 834 3777 1041 3866; x_wconf 50' lang='lat' dir='ltr'>¹Claudiiquc</span> <span class='ocrx_word' id='word_1_345' title='bbox 1080 3781 1220 3847; x_wconf 89' lang='lat' dir='ltr'>consulis</span> 
     </span>
     <span class='ocr_line' id='line_1_43' title="bbox 88 3861 1234 3949; baseline 0 -23"><span class='ocrx_word' id='word_1_346' title='bbox 88 3864 194 3948; x_wconf 90' lang='lat' dir='ltr'>primo</span> <span class='ocrx_word' id='word_1_347' title='bbox 227 3862 350 3926; x_wconf 87' lang='lat' dir='ltr'>Punico</span> <span class='ocrx_word' id='word_1_348' title='bbox 388 3861 475 3926; x_wconf 93' lang='lat' dir='ltr'>bello</span> <span class='ocrx_word' id='word_1_349' title='bbox 506 3874 685 3928; x_wconf 86' lang='lat' dir='ltr'>memorata</span> <span class='ocrx_word' id='word_1_350' title='bbox 721 3865 848 3931; x_wconf 73' lang='lat' dir='ltr'>naualis</span> <span class='ocrx_word' id='word_1_351' title='bbox 884 3864 999 3930; x_wconf 84' lang='lat' dir='ltr'>clades</span> <span class='ocrx_word' id='word_1_352' title='bbox 1031 3867 1234 3949; x_wconf 50' lang='lat' dir='ltr'>religionem</span> 
     </span>
    </p>
   </div>
   <div class='ocr_carea' id='block_1_3' title="bbox 0 0 1374 4146">
    <p class='ocr_par' dir='ltr' id='par_1_4' title="bbox 0 0 1374 4146">
     <span class='ocr_line' id='line_1_44' title="bbox 0 0 1374 4146; baseline 0 0"><span class='ocrx_word' id='word_1_353' title='bbox 0 0 1374 4146; x_wconf 95' lang='lat' dir='ltr'> </span> 
     </span>
    </p>
   </div>
  </div>
 </body>
</html>
