2738 4146
124 116 185 176 124
355 127 464 176 ursan
481 125 551 176 xxr.
571 126 647 176 car.
665 129 706 176 21.
725 129 766 178 aa.
785 129 827 177 as.
845 125 882 195 [1.
901 128 933 178 n.
952 144 976 178 ο.
994 125 1066 196 aas}

174 301 240 382 gini
276 297 439 386 praesidio
477 319 559 378 esse,
596 301 714 384 partim
748 297 897 362 distribui
933 321 993 385 per
1031 297 1177 365 Africam
1213 301 1315 367 iubet.

175 382 270 449 simul
292 405 354 449 con
377 382 563 448 uisitoribus
594 387 628 447 in
650 386 794 448 civitates
818 386 923 448 missis
947 395 1099 470 quattuor
1128 386 1218 451 milia
1240 410 1316 454 con-

175 472 295 556 scripta
317 407 464 533 deiectae
494 471 678 550 iuventutis,
710 470 909 555 praesidium
941 470 1075 535 eosdem
1107 481 1140 536 et
1171 473 1314 556 obsides,

176 556 251 620 duci
274 554 504 638 Carthaginem
524 554 623 619 iubet.

141 667 155 715 1
277 640 388 705 XXII.
412 639 527 727 Neque
550 641 740 727 Hispaniam
767 639 1006 724 neglegendam
1027 652 1127 722 ratus,
1160 656 1260 730 atque
1282 646 1314 710 id

175 749 214 792 eo
239 729 352 808 minus,
384 727 470 814 quod
495 726 581 791 haud
613 730 745 809 ignarus
768 736 837 790 erat
858 729 1059 792 circumitam
1091 728 1133 792 ab
1158 729 1313 796 Romanis

176 835 249 877 eam
269 812 385 896 legatis
416 812 457 875 ad
482 811 700 877 sollicitandos
730 814 913 901 principum
944 816 1077 895 animos,
1109 815 1313 882 Hasdrubali

139 923 155 970 2
175 898 278 973 fratri,
301 903 370 963 viro
386 901 523 985 inpigro,
547 921 618 962 eam
633 900 834 985 provinciam
849 898 988 963 destinat
1004 899 1177 1049 firmatrppe
1192 901 1313 968 Africis

175 988 316 1050 maxime
337 986 518 1072 praesidiis,
540 984 687 1070 peditum
707 984 862 1049 Afrorum
883 984 1035 1050 undecim
1058 985 1127 1050 mili
1150 1010 1190 1051 us
1214 992 1313 1054 octin-

175 1073 278 1154 gentis
295 1073 536 1157 quinquaginta,
552 1069 728 1152 Liguribus
743 1072 904 1140 trecentis,
916 1070 1100 1136 Baliaribus
1118 1075 1312 1158 quingentis.

141 1183 156 1231 3
176 1157 217 1219 ad
240 1157 322 1221 haec
343 1158 489 1244 peditum
511 1159 631 1220 auxilia
651 1155 753 1220 additi
776 1159 899 1242 equites
921 1156 1199 1244 Libyphoenices,
1232 1164 1312 1226 mix·

175 1252 244 1308 tum
266 1242 425 1307 Punicum
440 1240 528 1306 Afris
551 1263 663 1325 genus,
687 1241 914 1328 quadringenti
937 1245 1172 1329 quinquaginta
1196 1256 1230 1311 et
1246 1246 1313 1311 Nu·

175 1329 282 1393 midae
298 1329 477 1414 Maurique,
501 1326 632 1393 accolae
649 1326 781 1409 Oceani,
805 1327 846 1390 ad
863 1326 951 1393 mille
967 1332 1142 1413 octingenti
1158 1340 1192 1396 et
1210 1354 1313 1420 parva

176 1414 351 1497 llergetum
373 1437 487 1479 manus
511 1435 553 1477 ex
574 1414 740 1500 Hispania,
765 1417 901 1478 trecenti
924 1416 1058 1500 equites,
1092 1425 1133 1495 et,
1156 1439 1199 1482 ne
1224 1419 1312 1505 quod

140 1531 156 1577 4
174 1504 335 1565 terrestris
353 1500 481 1566 deesset
504 1499 615 1564 auxilii
630 1522 741 1582 genus,
767 1497 930 1587 elephanti
950 1502 1066 1584 viginti
1079 1524 1175 1567 unus.
1199 1503 1312 1570 classis

197 1598 343 1651 raeterea
366 1586 442 1651 data
457 1587 498 1649 ad
521 1586 676 1650 tuendam
690 1587 883 1650 maritimam
906 1609 1006 1666 oram,
1051 1589 1115 1670 uia,
1139 1612 1206 1675 qua
1220 1601 1313 1676 parte

174 1612 252 1737 ielli
274 1675 427 1750 vicerant,
460 1681 590 1736 catum
613 1693 742 1759 quoque
764 1694 835 1737 rem
856 1673 1005 1754 gesturos
1028 1610 1194 1741 Homanos
1219 1678 1311 1742 credi

175 1768 312 1845 poterat,
357 1760 588 1845 quinquaginta
636 1760 895 1844 quinqueremes,
946 1759 1170 1845 quadriremes
1217 1762 1310 1843 duae,

176 1849 324 1910 triremes
353 1849 508 1930 quinque,
543 1845 598 1908 sed
624 1853 718 1930 aptae
747 1845 988 1930 instructaeque
1018 1847 1155 1929 remigio
1178 1850 1312 1933 triginta

175 1941 207 1996 et
229 1932 313 1996 duae
336 1933 584 2016 quinqueremes
608 1939 700 1993 erant
724 1938 757 1993 et
776 1932 926 1994 triremes
949 1933 1101 2017 quinque.

139 2035 155 2083 t
277 2015 328 2079 Ab
354 2014 501 2081 Gadibus
525 2013 756 2099 Carthaginem
788 2016 827 2079 ad
860 2015 998 2081 hiberna
1020 2019 1186 2084 exercitus
1209 2021 1312 2102 redit3

175 2112 273 2190 atque
295 2102 370 2166 inde
402 2102 567 2188 profectus
600 2114 731 2189 praeter
755 2101 900 2167 Onusam
930 2102 1048 2167 urbem
1078 2104 1121 2166 ad
1148 2103 1313 2172 Hiberum

140 2211 233 2276 aper
254 2191 447 2254 maritimam
470 2210 559 2252 oram
583 2188 680 2252 ducit.
703 2188 749 2252 ibi
771 2187 858 2253 fama
881 2190 982 2253 estin
1006 2191 1115 2275 quiete
1134 2192 1244 2258 visum
1270 2193 1311 2258 ab

175 2297 213 2340 eo
236 2277 386 2339 iuvenem
410 2275 519 2339 divina
541 2276 659 2360 specie,
683 2277 739 2361 qui
761 2297 796 2339 se
819 2274 860 2338 ab
882 2274 963 2339 Iove
987 2275 1112 2340 diceret
1134 2276 1256 2345 ducem
1277 2282 1311 2345 in

172 2360 299 2426 Italiam
321 2359 498 2425 Hannibali
520 2363 667 2424 missum:
689 2361 827 2447 proinde
843 2370 1034 2447 sequeretur
1048 2383 1157 2448 neque
1171 2388 1311 2451 usquam

140 2470 250 2525 qase
282 2446 472 2512 deflecteret
500 2445 619 2511 oculos.
657 2447 813 2533 pavidum
843 2449 947 2534 primo
980 2468 1142 2534 nusquam
1173 2452 1310 2516 circum·

174 2536 363 2621 spicientem
395 2542 450 2598 aut
481 2535 710 2617 respicientem
732 2542 893 2611 secutum,
929 2532 1048 2597 deinde
1080 2556 1162 2600 cura
1190 2539 1312 2622 ingenii

174 2620 316 2702 humani,
341 2643 424 2700 cum,
449 2619 604 2706 quidnam
625 2618 658 2683 id
676 2627 770 2700 esset,
794 2618 880 2704 quod
898 2620 1063 2705 respicere
1077 2622 1199 2688 vetitus
1216 2633 1310 2706 esset,

53 2782 55 2787 Ι
139 2738 155 2785 g
173 2709 310 2789 agitaret
332 2709 448 2787 animo,
472 2716 656 2790 temperare
677 2703 777 2769 oculis
793 2707 992 2790 nequivisse3
1015 2716 1085 2771 turn
1099 2706 1223 2774 vidisse
1238 2718 1311 2796 post

174 2813 246 2856 sese
269 2801 454 2878 serpentem
485 2793 567 2855 mira
598 2792 821 2873 magnitudine
849 2813 924 2855 cum
945 2793 1069 2875 ingenti
1091 2793 1250 2860 arborum
1273 2818 1311 2862 ac

173 2876 387 2960 virgultorum
410 2887 520 2959 strage
542 2877 620 2941 ferri
643 2899 680 2939 ao
701 2888 777 2962 post
798 2879 924 2963 insequi
959 2898 1033 2941 cum
1063 2877 1197 2963 fragore
1230 2880 1310 2947 caeli

138 2963 327 3028 animbum.
351 2972 429 3042 tum,
454 2985 537 3049 quae
569 2961 670 3028 moles
703 2984 741 3024 ea
771 2961 890 3049 quidve
920 2964 1061 3049 prodigii
1084 2975 1182 3048 esset,
1212 2990 1308 3054 quae·

174 3061 298 3114 rentem
322 3049 452 3114 audisse
474 3052 658 3113 vastitatem
681 3047 795 3113 Italiae
828 3070 913 3114 esse:
945 3060 1100 3135 pergeret
1129 3075 1230 3138 porro
1262 3057 1310 3120 ire

172 3159 233 3201 nec
255 3134 341 3200 ultra
362 3139 540 3221 inquireret
562 3137 747 3221 sineretque
769 3135 889 3199 fatain
913 3134 1041 3200 occulto
1065 3158 1148 3202 esse.

139 3240 152 3285 1
276 3222 407 3284 ΧΧΙΙΙ.
443 3222 517 3286 Hoc
554 3224 626 3285 visu
662 3219 766 3285 laetus
804 3223 963 3307 tripertito
1001 3221 1164 3290 Hiberum
1202 3230 1310 3316 copias

173 3310 299 3373 traiecit
320 3310 516 3395 praemissis,
544 3310 600 3394 qui
624 3305 792 3371 Gallorum
824 3309 957 3388 animos,
991 3331 1055 3395 qua
1089 3311 1311 3381 traducendus

174 3397 336 3459 exercitus
361 3403 438 3471 erat,
465 3394 558 3458 donis
591 3392 800 3457 conciliarent
828 3391 1023 3480 Alpiumque
1054 3399 1209 3465 transitus
1241 3423 1311 3488 spe·

175 3479 370 3545 calarentur.
394 3483 570 3562 nonaginta
593 3478 681 3543 milia
699 3479 856 3566 peditum,
873 3479 1047 3545 duodecim
1062 3480 1152 3547 milia
1168 3489 1311 3573 equitum

138 3584 153 3629 a
175 3567 333 3631 Hiberum
356 3567 508 3630 traduxit.
533 3564 690 3648 Ilergetes
712 3564 789 3629 inde
804 3564 1047 3652 Bargusiosque
1069 3577 1103 3632 et
1123 3569 1310 3640 Ausetanos

175 3663 207 3716 et
228 3652 444 3724 Lacetaniam,
470 3673 553 3738 quae
576 3651 722 3715 subiecta
737 3650 912 3735 Pyrenaeis
928 3652 1091 3719 montibus
1107 3665 1166 3740 est,
1183 3658 1311 3742 subegit

176 3760 317 3825 oraeque
340 3738 415 3802 huic
439 3740 524 3802 omni
546 3736 702 3824 praefecit
724 3736 927 3814 Hannonem,
950 3748 987 3802 ut
1007 3737 1129 3825 fauces,
1153 3766 1238 3830 quae
1253 3746 1310 3812 Hi·

125 3841 145 3884 3
164 3827 300 3907 spanias
334 3823 449 3889 Galliis
484 3826 629 3908 iungunt,
661 3825 692 3886 in
722 3832 881 3910 potestate
918 3834 1034 3888 essent
1074 3826 1191 3895 decem
1222 3832 1310 3898 milia
