2738 4146
86 146 125 204 82
321 161 429 210 cinna
447 161 482 210 11.
503 160 577 210 cnr.
598 163 638 210 ai.
658 165 698 210 as.
719 160 752 227 [a.
772 160 802 210 n.
823 176 845 209 e.
865 161 1020 226 ccc-acal.

95 349 109 397 7
238 333 283 396 M.
305 332 449 396 Minucio
473 332 589 397 deinde
613 343 645 395 et
666 330 707 395 A.
725 332 917 415 Sempronio
941 329 1130 396 consulibus
1146 352 1274 415 magna

136 419 185 481 vis
217 418 369 483 frumenti
403 440 445 482 ex
477 417 586 482 Sicilia
622 419 770 498 advecta,
805 419 1028 501 agitatumque
1065 417 1096 479 in
1136 428 1271 499 senatu,

97 518 112 567 8
137 506 248 589 quanti
271 504 359 590 plebi
375 504 516 568 daretur.
539 503 632 568 multi
654 507 783 568 venisse
799 514 928 588 tempus
944 502 1143 588 premendae
1158 501 1273 588 plebis

76 590 78 597 ’
136 590 295 675 putabant
326 591 596 677 reciperandique
627 592 707 670 iura,
741 611 825 675 quae
859 600 987 653 extorta
1017 589 1207 653 secessione
1232 612 1272 654 ac

96 677 168 740 avi
201 677 346 762 patribus
378 688 497 741 essent.
535 679 567 739 in
602 677 714 760 primis
749 677 890 739 Marcius
923 673 1127 757 Coriolanus,
1162 673 1271 741 hostis

136 760 328 827 tribuniciae
350 765 529 847 potestatis,
556 764 602 848 „si
625 761 804 825 annonam“
819 763 933 847 inquit
957 773 1123 844 ,veterem
1138 760 1270 844 volunt,

136 849 186 910 ius
209 849 381 934 pristinum
404 849 543 912 reddant
559 847 714 934 patribus.
732 871 789 914 cur
805 871 865 931 ego
882 847 1027 934 plebeios
1043 847 1268 930 magistratus,

87 950 118 998 ιο
137 956 195 997 cur
217 932 371 999 Sicinium
394 944 560 1017 potentem
582 935 679 998 video
703 934 897 1019 subiugum
931 934 1059 1014 missus,
1094 943 1269 1018 tamqnam

136 1019 176 1083 ab
209 1018 390 1085 latronibus
423 1019 636 1106 redemptus?
674 1042 778 1104 egone
809 1021 867 1084 has
898 1020 1106 1102 indignitates
1141 1020 1267 1085 diutius

135 1106 240 1190 patiar
263 1129 359 1192 quam
376 1114 509 1170 necesse
525 1106 596 1171 est?
612 1106 822 1192 Tarquinium
840 1128 952 1189 regem
968 1105 1023 1190 qui
1039 1126 1104 1168 non
1120 1105 1266 1188 tulerim,

136 1193 289 1255 Sicinium
311 1192 436 1256 feram?
459 1193 591 1257 secedat
612 1215 708 1272 nunc,
732 1202 848 1256 avocet
869 1191 1015 1278 plebem;
1038 1200 1131 1276 patet
1153 1193 1210 1254 via
1233 1195 1265 1256 in

136 1277 270 1342 Sacrum
293 1289 434 1342 montem
458 1278 606 1363 aliosque
629 1277 736 1342 colles.
769 1280 898 1363 rapiant
923 1277 1085 1341 frumenta
1107 1298 1153 1342 ex
1174 1279 1279 1361 agris-

135 1364 264 1445 ncstris,
288 1385 383 1449 quem
410 1364 452 1426 ad
474 1365 606 1428 modum
630 1367 724 1428 tertio
748 1373 822 1428 ante
844 1386 927 1427 anno
947 1383 1104 1448 rapuere;
1126 1372 1266 1428 utantur

86 1467 116 1513 11
136 1472 272 1531 annona,
304 1473 401 1535 quam
432 1450 542 1513 furore
574 1473 631 1513 suo
662 1450 779 1514 fecere.
814 1451 919 1514 audeo
952 1450 1063 1512 dicere
1086 1448 1150 1512 hoc
1173 1450 1265 1515 malo

137 1536 276 1599 domitos
298 1537 385 1620 ipsos
408 1538 515 1620 potius
539 1535 680 1599 cultores
702 1558 855 1620 agrorum
876 1536 957 1617 fore,
981 1557 1077 1621 quam
1093 1542 1131 1597 ut
1146 1538 1265 1600 armati

86 1640 116 1688 12
135 1644 196 1707 per
227 1623 443 1686 secessionem
476 1621 539 1685 coli
570 1619 797 1707 pr·0hibeant.“
836 1621 925 1685 haud
956 1630 1022 1683 tam
1044 1619 1142 1684 facile
1167 1621 1260 1686 dictu

137 1719 195 1787 est,
227 1707 453 1771 faciendumne
485 1709 590 1789 luerit,
627 1730 722 1792 quam
762 1710 908 1792 potuisse
939 1705 1081 1770 arbitror
1110 1706 1195 1790 fieri,
1228 1718 1265 1772 ut

136 1793 380 1857 condicionibus
403 1793 535 1858 laxandi
569 1816 728 1857 annonam
762 1804 795 1856 et
825 1794 1029 1857 tribuniciam
1060 1801 1261 1876 potestatem

135 1889 167 1942 et
190 1881 296 1942 omnia
317 1881 425 1943 invitis
447 1880 519 1943 iura
541 1881 682 1964 inposita
704 1888 813 1964 patres
837 1879 1005 1942 demerent
1028 1877 1101 1942 sibi.

96 1984 108 2031 t
236 1964 379 2028 XXXV.
403 1965 447 2028 Et
468 1967 593 2029 senatui
615 1967 710 2029 nimis
733 1977 828 2029 atrox
857 1967 928 2028 visa
959 1964 1118 2028 sententia
1141 1973 1203 2047 est,
1229 1974 1263 2031 et

132 2048 264 2135 plebem
287 2053 335 2113 ira
357 2073 461 2136 prope
483 2051 634 2115 armavit:
667 2051 751 2115 fame
784 2074 819 2116 se
850 2051 914 2114 iam
937 2052 1020 2114 sicut
1042 2049 1155 2114 hostes
1178 2052 1258 2137 peti,

134 2135 205 2200 cibo
228 2137 383 2221 victuque
404 2136 562 2217 fraudari3
595 2140 801 2222 peregrinum
834 2137 1039 2208 frumentum,
1072 2157 1159 2220 quae
1190 2135 1261 2202 sola

134 2220 285 2286 alimenta
317 2245 358 2286 ex
394 2222 557 2306 insperato
591 2223 719 2287 fortuna
751 2223 886 2301 dederit,
919 2221 960 2287 ab
993 2243 1050 2286 cre
1080 2223 1164 2306 rapi,
1199 2224 1261 2287 nisi

134 2305 192 2371 On.
221 2308 344 2372 Marcio
375 2309 474 2371 vincti
508 2310 668 2372 dedantur
698 2309 829 2391 tribuni,
859 2309 922 2373 nisi
953 2309 994 2372 de
1026 2318 1118 2391 tergo
1152 2307 1259 2393 plebis

132 2393 296 2458 Romanae
320 2393 463 2458 satisfiat.
488 2417 561 2458 eum
585 2396 648 2458 sibi
670 2394 856 2459 carnificem
878 2417 999 2459 novum
1023 2404 1186 2476 exortum,
1204 2396 1259 2480 qui

93 2501 108 2547 2
133 2489 188 2543 aut
210 2481 292 2544 mori
314 2491 369 2543 aut
392 2482 514 2545 servire
536 2481 656 2545 iubeat.
687 2483 720 2544 in
752 2491 925 2544 exeuntem
958 2503 976 2545 e
1004 2480 1093 2542 curia
1114 2480 1259 2566 impetus

131 2567 234 2630 sactus
258 2577 353 2648 esset,
381 2568 415 2630 ni
437 2578 680 2652 peropportune
702 2566 825 2631 tribuni
847 2567 933 2631 diem
956 2566 1123 2629 dixissent.
1149 2567 1195 2630 ibi
1211 2569 1260 2632 ira

132 2662 181 2715 est
203 2674 391 2737 suppressa3
415 2675 450 2715 se
472 2654 615 2717 iudicem
638 2654 786 2740 quisque,
810 2675 845 2716 se
868 2654 1031 2718 dominum
1048 2653 1136 2716 vitae
1151 2655 1257 2717 necis·

91 2760 105 2807 3
131 2760 195 2821 que
227 2739 347 2801 inimici
378 2739 501 2801 factum
536 2738 679 2826 videbat.
725 2741 934 2824 contemptim
971 2739 1076 2822 primo
1114 2738 1259 2804 Marcius

132 2822 287 2886 audiebat
309 2825 411 2886 minas
434 2824 638 2888 tribunicias:
671 2825 792 2906 auxilii,
823 2847 889 2890 non
911 2846 1038 2910 poenae
1068 2825 1119 2888 ius
1144 2825 1257 2889 datum

130 2907 175 2971 illi
197 2911 362 2994 potestati,
385 2908 568 2995 plebisque,
592 2933 656 2974 non
679 2921 805 2995 patrum
826 2911 974 2976 tribunos
991 2933 1071 2975 esse.
1097 2910 1155 2973 sed
1172 2912 1257 2976 adeo
1283 2926 1286 2930 ’

130 2995 254 3058 infensa
287 3005 356 3058 erat
387 3004 500 3059 coorta
536 2996 641 3081 plebs,
679 3007 714 3060 ut
749 2998 844 3061 unius
874 3018 981 3082 poena
1012 2995 1258 3080 defungendum

88 3106 105 3152 4
130 3091 215 3143 esset
245 3080 400 3164 patribus.
438 3082 626 3146 restiterunt
655 3093 764 3147 tamen
781 3085 946 3147 ‘adversae
976 3083 1117 3146 invidiae
1139 3085 1258 3168 usique

129 3176 203 3230 sunt
225 3189 289 3252 qua
312 3169 377 3230 suis
401 3169 546 3253 quisque,
575 3190 639 3253 qua
661 3170 760 3233 totius
784 3170 904 3232 ordinis
926 3168 1058 3234 viribus.
1087 3190 1126 3232 ac
1148 3170 1257 3255 primo

128 3262 287 3337 temptata
310 3276 363 3317 res
387 3263 445 3334 est,
469 3256 495 3316 si
513 3254 676 3340 dispositis
693 3254 865 3319 clientibus
881 3254 1094 3319 absterrendo
1110 3254 1257 3339 singulos

88 3360 148 3413 5a
180 3339 373 3402 coitionibus
407 3338 616 3425 conciliisque
647 3341 785 3404 disicere
822 3364 890 3404 rem
929 3349 1073 3426 possent.
1110 3341 1257 3406 universi

129 3424 247 3488 deinde
270 3447 459 3509 processere
481 3462 524 3471 -
546 3427 705 3512 quidquid
730 3436 800 3490 erat
814 3437 953 3511 patrum,
977 3447 1051 3490 reos
1068 3426 1197 3492 diceres
1212 3464 1256 3477 -

128 3510 280 3596 precibus
303 3510 435 3596 plebem
460 3525 685 3597 exposcentes,
708 3535 807 3576 unum
832 3513 894 3576 sibi
917 3515 1032 3596 civem,
1047 3534 1148 3577 unum
1165 3535 1257 3578 sena

127 3606 242 3678 torem,
266 3597 293 3659 si
316 3598 521 3661 innocentem
545 3597 715 3662 absolvere
746 3598 877 3681 nollent,
910 3620 970 3684 pro
993 3608 1131 3664 nocente
1154 3599 1257 3664 dona·

87 3692 207 3760 erent.
240 3683 310 3767 ipse
335 3704 406 3746 cum
431 3684 483 3746 die
508 3684 594 3748 dicta
615 3706 679 3748 non
713 3684 851 3767 adesset,
882 3694 1129 3771 perseveratum
1151 3685 1186 3749 in
1207 3686 1257 3751 ira

129 3776 186 3829 est.
221 3767 390 3832 damnatus
422 3769 541 3834 absens
573 3771 607 3833 in
629 3769 765 3834 Volscos
799 3768 966 3835 exulatum
995 3768 1078 3837 abiit
1102 3770 1257 3837 minian·

118 3853 249 3933 patriae
285 3853 489 3942 hostilesque
527 3857 593 3920 iam
629 3866 699 3920 tum
735 3857 867 3941 spiritus
902 3876 998 3943 gare*
1102 3858 1258 3929 miantm
