2738 4146
358 122 470 174 urana
487 123 559 174 xxr.
579 123 656 176 car.
674 128 715 176 aa
735 127 777 177 ao.
798 123 835 194 [a.
853 126 886 177 u.
905 141 928 177 ο.
947 124 1021 194 saoJ.
1217 113 1275 170 129

177 293 307 358 XXIX.
338 293 429 360 Dum
463 294 626 382 elephanti
660 299 860 382 traiciuntur,
896 298 1024 362 interim
1057 296 1266 364 'Hannibal1

91 378 253 444 Numidas
276 381 401 466 equites
417 383 610 466 quingentos
625 382 668 446 ad
684 393 790 448 castra
805 383 951 449 Romana
965 385 1097 448 miserat
1113 406 1226 471 specu·

91 465 204 550 latum,
226 465 284 531 uhi
306 476 340 549 et
361 478 501 552 quantae
524 470 637 551 copiae
660 479 768 534 essent
790 479 822 534 et
848 471 926 555 quid
958 480 1119 556 pararent.
1152 470 1228 535 huic
1252 492 1267 538 a

91 551 164 617 alae
197 553 342 638 equitum
371 555 471 633 missi,
503 564 540 619 ut
569 565 643 618 ante
676 556 797 620 dictum
826 567 885 637 est,
909 555 950 619 ab
974 559 1055 621 ostio
1079 555 1228 621 Rhodani

90 640 230 703 trecenti
239 638 459 705 Romanorum
471 643 595 726 equites
606 652 789 706 occurrunt.
798 641 959 728 proelium
974 643 1113 706 atrocius
1130 664 1227 790 quam

90 748 152 810 pro
175 746 313 789 numero
335 727 549 811 pugnantium
572 726 691 791 editur:
719 749 795 792 nam
817 738 948 813 praeter
969 727 1070 792 multa
1091 752 1136 793 vu
1149 750 1227 791 nera
1251 746 1267 793 3

90 811 213 876 caedes
242 813 338 876 etiam
365 834 468 898 prope
493 834 554 899 par
584 816 747 899 utrimque
783 814 852 894 fuit,
882 813 1026 899 fugaque
1057 823 1089 878 et
1124 837 1228 900 pavor

89 896 310 963 Numidarum
339 897 493 962 Romanis
524 899 589 964 iam
621 899 797 964 admodum
819 899 913 963 fessis
934 901 1103 964 victoriam
1127 901 1226 964 dedit.

90 985 236 1049 victores
260 983 300 1046 ad
325 993 455 1048 centum
472 984 685 1069 quadraginta
699 1007 761 1048 nec
778 1008 889 1050 omnes
906 985 1052 1068 Romani,
1077 979 1135 1049 sed
1150 1007 1227 1072 pars

92 1069 276 1153 Gallorum,
299 1070 376 1134 victi
398 1070 536 1218 amplius
568 1071 699 1135 ducenti
728 1069 930 1137 oeciderunt
947 1071 1011 1137 hoc
1033 1072 1228 1160 principium
1253 1091 1269 1138 4

92 1154 190 1221 simul
213 1177 375 1241 omenque
398 1155 476 1219 heli
498 1165 534 1221 ut
556 1179 701 1221 summae
723 1180 834 1222 rerum
854 1180 1050 1245 prosperum
1065 1167 1227 1236 eventum,

91 1243 137 1306 ita
169 1241 261 1306 haud
283 1243 584 1330 saneincruentam
616 1244 830 1329 ancipitisque
854 1245 1038 1308 certaminis
1060 1244 1229 1308 victoriam

92 1326 250 1393 Romanis
272 1328 445 1415 portendit.
478 1338 515 1393 ut
535 1349 572 1392 re
594 1329 641 1391 ita
663 1339 754 1411 gesta
777 1330 817 1393 ad
841 1341 1016 1414 utrumque
1039 1329 1156 1395 ducem
1179 1331 1229 1393 sui

91 1414 272 1493 redierunt,
307 1434 368 1478 nec
399 1413 543 1501 Scipioni
574 1424 660 1479 stare
691 1417 848 1480 sententia
878 1426 1016 1500 poterat,
1044 1417 1107 1479 nisi
1129 1424 1165 1480 ut
1187 1437 1230 1478 ex
1255 1436 1270 1482 5

93 1499 239 1574 consiliis
262 1502 450 1587 coeptisque
472 1500 575 1565 hostis
598 1510 631 1565 et
652 1502 875 1584 ipseoonatus
892 1511 1034 1588 caperet,
1058 1513 1091 1566 et
1105 1501 1228 1564 Hanni·

92 1585 204 1652 halem
236 1587 404 1669 incertum,
435 1596 544 1651 utrum
575 1597 728 1673 coeptum
749 1590 781 1651 in
803 1587 931 1652 Italiam
953 1589 1137 1652 intenderet
1158 1589 1228 1667 iter,
1255 1610 1270 1657 a

93 1694 135 1736 an
169 1695 244 1737 oum
276 1694 326 1755 eo,
358 1673 414 1758 qui
447 1674 571 1757 primus
603 1696 638 1737 se
670 1672 841 1739 obtulisset
866 1674 1031 1739 Romanus
1055 1674 1231 1754 exercitus,

92 1780 210 1824 manus
242 1767 437 1837 consereret,
469 1760 587 1822 avertit
620 1781 640 1822 a
669 1761 833 1846 praesenti
865 1762 1041 1824 certamine
1073 1759 1229 1824 Boiorum

93 1843 277 1930 legatorum
298 1844 469 1930 regulique
484 1843 605 1928 Magali
628 1844 796 1926 adventus,
817 1846 930 1930 quise
953 1846 1053 1910 duces
1068 1846 1229 1927 itinerum,

95 1932 202 1997 socios
224 1930 361 2017 periculi
384 1930 455 1996 fore
477 1930 686 1995 adfirmantes
714 1932 839 2015 integro
862 1929 949 1996 bello
962 1953 1133 2019 ,nusquam
1156 1939 1229 1995 ante

93 2016 203 2083 libatis
225 2016 350 2080 viribus
366 2015 493 2080 Italiam
511 2016 768 2098 adgrediendam
784 2027 926 2082 censent.
949 2016 1121 2082 multitudo
1137 2018 1229 2080 time·

93 2101 151 2167 bat
183 2102 318 2189 quidem
343 2101 469 2167 hostem
499 2102 644 2167 nondum
667 2102 851 2168 oblitterata
872 2105 1030 2168 memoria
1053 2104 1229 2189 superioris

93 2187 182 2269 belli,
207 2187 267 2252 sed
288 2189 391 2271 magis
413 2189 475 2253 iter
496 2189 690 2253 immensum
711 2188 891 2276 Alpesque,
915 2212 985 2254 rem
1007 2189 1095 2253 fama
1116 2190 1229 2273 utique
1255 2196 1270 2244 7

94 2274 172 2338 inex
198 2275 274 2338 ertis
297 2274 503 2343 horrendam.
527 2275 704 2338 metuebat.
1251 2301 1275 2337 ς

172 2298 291 2424 XXX.
323 2359 439 2444 Itaque
470 2359 645 2440 Hannibal,
672 2369 845 2447 postquam
877 2361 939 2446 ipsi
961 2362 1118 2422 sententia
1142 2361 1230 2424 stetit
1255 2372 1268 2418 1

93 2467 235 2535 pergere
265 2447 314 2510 ire
345 2456 443 2531 atque
471 2445 598 2511 Italiam
628 2456 750 2533 petere,
783 2447 944 2510 advocata
966 2446 1115 2509 contione
1137 2447 1228 2510 varie

93 2531 234 2597 militum
255 2541 365 2596 versat
387 2533 510 2596 animos
531 2533 717 2614 castigando
741 2532 1026 2616 adhortandoque:
1049 2531 1160 2594 mirari
1183 2554 1228 2612 se,
1254 2544 1270 2591 2

92 2619 228 2705 quinam
250 2627 386 2702 pectora
408 2640 537 2704 semper
552 2618 707 2702 inpavida
726 2639 844 2706 repens
859 2626 965 2680 terror
980 2617 1145 2681 invaserit.
1168 2639 1229 2700 per

91 2714 142 2770 tot
172 2725 274 2769 annos
304 2705 471 2768 vincentes
503 2727 558 2769 eos
592 2704 756 2790 stipendia
792 2703 901 2768 facere
923 2723 1032 2788 neque
1062 2711 1139 2768 ante
1169 2702 1229 2767 Hi·

93 2790 210 2892 spania
224 2791 414 2868 excessisse,
431 2811 529 2875 quam
545 2812 656 2854 omnes
675 2799 854 2874 gentesque
871 2798 904 2854 et
917 2798 1035 2872 terrae,
1059 2811 1140 2874 quas
1164 2790 1229 2854 duo

93 2876 227 2942 diversa
248 2876 351 2940 maria
372 2874 619 2962 amplectantur,
653 2874 967 2959 Carthaginiensium
984 2884 1101 2939 essent.
1125 2876 1229 2956 indig-
1254 2889 1270 2936 3

91 2972 186 3027 natos
208 2960 336 3042 deinde,
361 2961 459 3047 quod,
483 2964 678 3047 quicumque
701 2962 880 3046 Saguntum
905 2961 1118 3043 obsedissent,
1140 2961 1231 3025 velut

94 3047 137 3114 ob
159 3069 283 3113 noxam
314 3046 376 3112 sihi
405 3047 482 3112 dedi
504 3047 684 3133 postularet
706 3047 845 3132 populus
868 3048 1042 3129 Romanae,
1067 3047 1228 3110 Hiberum

91 3135 261 3200 traiecisse
294 3132 336 3196 ad
369 3132 544 3198 delendum
575 3156 693 3198 nomen
715 3134 936 3199 Romanorum
958 3131 1228 3216 liberandumque

92 3220 209 3286 orbem
237 3227 408 3284 terrarum.
442 3227 513 3284 tum
548 3221 669 3284 nemini
700 3221 807 3285 visum
837 3219 871 3282 id
904 3218 1047 3301 longum,
1079 3239 1153 3281 oum
1185 3216 1226 3280 ab
1253 3228 1270 3275 4

93 3328 214 3372 occasu
246 3303 322 3370 solis
354 3305 396 3368 ad
429 3313 563 3370 exortus
595 3306 799 3370 intenderent
830 3306 906 3385 iter3
933 3326 1030 3385 nunc,
1053 3311 1267 3388 postquams

91 3390 195 3458 multo
219 3391 376 3456 maiorem
391 3401 517 3475 partem
533 3392 656 3455 itineris
673 3413 837 3456 emensam
854 3403 997 3473 cernant,
1021 3390 1226 3472 Pyrenaeum

93 3478 213 3545 saltum
234 3479 319 3541 inter
339 3477 556 3540 ferocissimas
579 3487 693 3561 gentes
708 3487 907 3562 superatum,
930 3475 1135 3546 Rhodanum.
1157 3485 1225 3537 tan-

90 3574 160 3631 tum
192 3585 330 3645 amnem,
366 3572 414 3628 tot
438 3563 570 3628 milibus
608 3563 777 3628 Gallorum
808 3560 1067 3650 prohibentibus,
1106 3561 1227 3625 domita

93 3652 191 3716 stiam
212 3650 315 3736 ipsius
338 3647 479 3714 fluminis
502 3651 535 3711 vi
557 3651 738 3732 traiectum,
761 3651 793 3712 in
816 3658 992 3735 conspectu
1007 3646 1107 3730 Alpes
1123 3645 1225 3709 habe-

91 3746 156 3821 ant,
180 3758 319 3823 quarum
341 3734 479 3800 alterum
500 3733 584 3799 latus
607 3735 720 3799 Italiae
743 3737 794 3817 sit,
817 3737 850 3798 in
872 3736 950 3820 ipsis
965 3735 1067 3821 portis
1082 3730 1226 3798 hostium
1251 3746 1266 3794 6

92 3822 242 3909 fatigatos
257 3821 435 3887 subsistere
448 3857 493 3892 -,-
508 3821 587 3907 quid
610 3821 713 3909 Alpes
736 3819 825 3886 aliud
846 3843 919 3886 esse
941 3819 1117 3882 credentes
1130 3840 1238 3900 quam

132 3926 155 3962 n.
165 3925 212 3960 mv,
226 3923 278 3959 xxr.
368 3926 371 3931 ·
1129 3919 1151 3963 q

1349 3788 1365 3879 l
