2738 4146
130 101 190 157 128
393 106 502 163 nisan
520 114 591 164 xxr.
611 113 687 164 cnr.
706 117 748 164 ιι.
766 116 807 163 aa.
828 111 866 182 [a.
884 111 918 163 n.
936 107 963 162 a·
978 109 1051 180 aaa]

180 284 298 349 bantur
319 295 450 372 praeter
473 307 538 358 eos,
572 307 654 370 quos
677 286 827 349 instratos
849 283 1066 367 frenatosque,
1088 290 1126 347 ut
1148 282 1320 371 extemplo

181 392 312 455 egresso
344 373 378 433 in
410 372 515 458 ripam
548 372 647 457 equiti
677 372 750 436 usui
773 379 891 451 essent,
915 371 1125 456 inposuerant
1145 369 1179 431 in
1203 391 1316 435 naves.

146 473 160 521 1
265 456 426 520 XXVIII.
451 455 536 521 Galli
565 466 736 521 occursant
762 457 794 520 in
821 457 893 543 ripa
920 477 995 519 cum
1018 455 1114 518 variis
1138 452 1319 521 ululatibus

180 551 342 628 cantuque
364 543 463 607 moris
487 544 537 607 sui
569 545 749 627 quatientes
773 551 863 606 scuta
886 563 985 629 super
1007 542 1113 627 capita
1135 540 1317 606 vibrantes·

146 644 161 692 2
180 649 244 713 que
267 628 389 693 dextris
413 627 487 711 tela,
512 650 711 714 quamquam
727 638 815 692 etex
831 628 969 692 adverso
992 625 1139 691 terrebat
1159 636 1251 691 tanta
1266 629 1343 695 vis.

177 714 311 779 navium
342 737 416 787 cum
449 716 572 799 ingenti
594 738 672 780 sono
704 715 845 780 fluminis
869 723 902 777 et
924 713 1064 787 clamore
1086 713 1179 779 vario
1203 723 1314 779 nanta·

178 822 259 879 rum,
283 799 430 882 militum,
454 810 486 865 et
509 801 565 885 qui
587 800 774 865 nitebantur
787 822 998 887 perrumpere
1019 801 1177 885 impetum
1209 797 1313 864 flumi-

142 887 238 967 8nis,
263 887 373 971 etqui
396 909 439 950 ex
462 886 564 950 altera
586 888 656 973 ripa
678 887 861 951 traicientes
885 908 960 951 suos
993 883 1218 949 hortabantur.
1250 887 1313 950 iam

179 973 254 1036 satis
285 982 441 1056 paventes
469 972 607 1038 adverso
635 972 773 1037 tumultu
800 970 975 1036 terribilior
997 970 1037 1034 ab
1061 980 1154 1053 tergo
1179 970 1313 1037 adortus

179 1056 302 1122 clamor
333 1059 446 1123 castris
477 1058 518 1122 ab
541 1059 702 1123 Hannone
731 1060 840 1146 captis.
863 1079 942 1122 mox
964 1057 1088 1143 etipse
1110 1057 1236 1139 ederat,
1261 1079 1314 1121 an·

178 1164 321 1229 cepsque
343 1153 449 1209 terror
470 1143 699 1209 circumstabat
721 1153 754 1209 et
775 1141 946 1207 enavibus
961 1152 1051 1207 tanta
1064 1142 1097 1205 vi
1112 1152 1313 1209 armatorum

143 1247 160 1294 4
177 1230 210 1293 in
225 1239 346 1294 terram
362 1231 521 1295 evadente
538 1240 569 1295 et
585 1231 625 1293 ab
641 1240 733 1315 tergo
748 1230 914 1317 inprovisa
927 1237 1097 1376 premente
1113 1227 1312 1306 acie.:Galli‚

177 1324 351 1403 postquam
372 1325 511 1402 utroque
532 1316 599 1381 vim
618 1316 727 1380 facere
751 1317 856 1380 conati
870 1313 924 1401 pel
940 1313 1086 1396 ebantur,
1110 1335 1177 1399 qua
1200 1325 1314 1401 patere

177 1404 283 1466 visum
305 1404 446 1466 maxime
469 1404 540 1482 iter,
571 1411 785 1489 perrumpunt
807 1401 991 1488 trepidique
1013 1403 1046 1464 in
1076 1401 1166 1465 vicos
1191 1403 1314 1487 passim

178 1509 253 1552 suos
287 1486 466 1571 diffugiunt.
498 1487 662 1552 Hannibal
692 1489 807 1551 ceteris
831 1489 932 1573 copiis
954 1509 1015 1574 per
1037 1489 1137 1551 otium
1158 1488 1312 1569 traiectis,

179 1595 335 1660 spernens
357 1576 422 1637 iam
446 1571 588 1639 Gallicos
611 1572 776 1656 tumultus,
800 1582 906 1638 castra
927 1571 1022 1637 locat.

142 1678 158 1726 ι
263 1658 521 1746 Elephantorum
542 1659 794 1725 traiciendorum
815 1660 907 1722 varia
929 1656 1063 1724 consilia
1078 1657 1179 1722 firisse
1202 1657 1311 1738 credo,

178 1754 266 1809 certe
290 1748 393 1811 variat
413 1749 569 1810 memoria
591 1756 682 1810 actae
697 1747 754 1810 rei.
779 1745 912 1830 quidam
928 1744 1132 1828 congregatis
1148 1743 1191 1806 ad
1206 1743 1312 1830 ripam

178 1829 355 1916 elephantis
386 1831 520 1896 tradunt
548 1832 783 1897 ferocissimum
806 1854 848 1896 ex
869 1832 909 1895 iis
930 1832 1094 1895 inritatum
1117 1828 1159 1894 ab
1182 1839 1312 1895 rectore

178 1939 247 1998 suo,
272 1939 346 1981 cum
367 1916 583 2000 refugientem
604 1921 637 1982 in
661 1940 779 2002 aquam
802 1940 837 1982 se
861 1925 1002 1997 ueretur,
1025 1925 1157 1980 nantem
1171 1918 1313 1981 traxisse

177 2023 321 2086 gregem,
342 2011 379 2066 ιιι
393 2024 557 2088 quemque
570 2003 739 2068 timentem
755 1938 956 2068 altitudinem
973 2002 1163 2067 destitueret
1176 2001 1363 2086 vadatus

141 2089 300 2172 eimpetu
330 2089 401 2174 ipso
433 2088 574 2153 fluminis
605 2091 637 2153 in
671 2089 805 2153 alteram
837 2091 941 2175 ripam
977 2089 1132 2176 rapiente·
1164 2096 1314 2153 ceterum

177 2174 280 2258 magis
311 2182 438 2239 constat
459 2175 583 2239 ratibus
598 2177 764 2254 traiectos3
795 2175 829 2238 id
851 2185 888 2239 ut
908 2177 1007 2239 trtius
1032 2172 1203 2239 consilium
1236 2183 1312 2239 ante

143 2282 246 2328 trem
268 2259 361 2344 foret,
383 2263 427 2324 ita
449 2270 579 2325 actare
601 2262 642 2325 ad
665 2261 766 2326 fidem
781 2263 914 2349 pronius
931 2269 988 2325 est.
1011 2269 1115 2325 ratem
1136 2280 1237 2324 unam
1253 2259 1311 2326 dn·

177 2356 288 2411 centos
310 2345 440 2430 longam
463 2347 573 2433 pedes,
598 2349 830 2433 quinquaginta
851 2347 951 2411 latam
972 2368 993 2410 a
1013 2356 1102 2411 terra
1123 2347 1156 2411 in
1180 2367 1311 2411 amnem

175 2442 399 2518 porrexerunt,
433 2455 540 2519 quam,
570 2456 612 2498 ne
642 2433 787 2498 secunda
815 2455 902 2518 aqua
933 2431 1123 2515 deferretur,
1159 2430 1311 2518 pluribus

175 2517 291 2583 validis
313 2520 500 2584 retinaculis
522 2530 615 2607 parte
646 2523 814 2607 superiore
835 2522 925 2606 ripae
955 2518 1126 2602 religatam
1146 2519 1257 2604 pontis
1278 2519 1312 2581 in

176 2604 310 2669 modum
331 2606 430 2670 humo
453 2607 569 2669 iniecta
585 2614 840 2685 constraverunt,
863 2614 899 2670 ιιι
913 2602 1030 2669 beluac
1046 2604 1206 2670 audacter
1219 2601 1312 2669 velut

140 2715 155 2763 a
175 2713 235 2776 per
258 2690 362 2755 solum
385 2692 641 2774 ingrederentur.
666 2690 768 2757 altera
790 2692 867 2756 ratis
883 2712 988 2776 aeque
1004 2689 1078 2768 lata,
1093 2688 1193 2775 longa
1206 2689 1311 2778 pedes

177 2785 316 2858 centum,
340 2777 380 2838 ad
404 2777 618 2841 traiciendum
640 2776 760 2842 flumen
780 2787 864 2864 apta,
887 2776 963 2841 huic
985 2775 1138 2864 copulata
1154 2785 1219 2858 est3
1241 2784 1311 2841 tum

177 2861 341 2947 elephanti
362 2884 422 2948 per
445 2862 593 2927 stabilem
614 2873 718 2927 ratem
748 2875 914 2949 tamquam
944 2865 1031 2927 viam
1051 2862 1310 2951 praegredienti-

175 2946 237 3011 bus
265 2947 390 3011 feminis
414 2951 485 3030 acti,
508 2948 569 3037 ubi,
584 2951 616 3013 in
633 2951 791 3014 minorem
807 2948 999 3036 adplicatam
1013 2950 1211 3032 transgressi
1225 2956 1310 3039 sunt

139 3047 153 3092 o
177 3032 340 3120 extemplo
363 3034 523 3115 resolutis,
548 3035 664 3120 quibus
688 3034 802 3101 leviter
825 3037 953 3099 adnexa
976 3043 1054 3118 erat,
1086 3032 1236 3118 vinculis,
1269 3032 1310 3097 ab

128 3137 157 3183 10
177 3122 326 3184 actuariis
350 3118 474 3206 aliquot
494 3121 631 3184 navibus
655 3121 697 3184 ad
720 3122 853 3185 alteram
885 3123 991 3208 ripam
1023 3120 1233 3207 pertrahitur.
1266 3120 1311 3185 ia

176 3206 287 3292 primis
312 3208 465 3293 expositis
488 3204 542 3270 alii
566 3207 683 3270 deinde
698 3209 827 3294 repetiti
841 3228 881 3270 ac
894 3207 1020 3272 traiecti
1037 3214 1119 3273 sunt.
1135 3204 1217 3272 nihil
1232 3227 1311 3271 sanc

175 3292 390 3379 trepidabant,
416 3292 521 3357 donec
544 3296 718 3358 continenti
740 3291 830 3358 velut
849 3302 949 3378 ponte
973 3301 1162 3377 agerentur3
1183 3294 1310 3381 primns

177 3388 245 3442 erat
266 3400 379 3465 pavor,
402 3401 477 3443 cum
499 3378 603 3444 soluta
625 3380 665 3443 ab
690 3382 805 3454 ceteris
831 3387 902 3444 rate
928 3380 961 3443 in
984 3378 1084 3443 altum
1106 3388 1309 3468 raperentur.

126 3479 155 3525 11
175 3464 220 3528 ibi
243 3473 394 3548 urgentes
416 3465 500 3528 inter
521 3488 566 3545 se,
590 3465 779 3530 cedentibus
807 3468 960 3530 extrcmis
983 3463 1024 3528 ab
1047 3486 1145 3551 aqna,
1166 3464 1310 3554 trepida·

175 3550 271 3615 tionis
294 3549 494 3636 aliquantum
518 3551 667 3634 edebant,
692 3552 794 3616 donec
818 3554 958 3636 quietem
974 3553 1045 3636 ipse
1059 3552 1158 3618 timor
1173 3552 1310 3617 circnm-

127 3651 157 3697 12
179 3637 401 3723 spectantibus
424 3658 543 3723 aquam
564 3638 703 3702 fecisset.
727 3637 879 3701 excidere
907 3638 1003 3701 etiam
1027 3638 1211 3705 saevientes
1264 3638 1309 3705 ui·

176 3721 252 3786 darn
273 3722 306 3785 in
328 3722 463 3804 flumen3
486 3724 542 3787 sed
566 3724 712 3810 pondere
734 3727 805 3809 ipso
827 3722 958 3787 stabiles
975 3723 1112 3789 deiectis
1126 3658 1311 3791 rectoribus

175 3808 370 3890 quaerendis
393 3809 594 3894 pedetentim
615 3810 708 3875 vadis
729 3812 762 3874 in
784 3820 903 3874 terram
927 3830 1072 3875 evasere.
