2738 4146
87 130 149 189 202
318 141 428 190 masa
445 141 532 190 xxn.
552 141 627 190 car.
647 143 688 190 so.
706 143 748 190 sr.
767 143 809 192 sa.
829 139 863 208 [a.
881 139 914 190 n.
932 156 956 190 a.
974 138 1044 207 saal.

141 334 231 377 oram
253 312 356 376 Poeni
379 318 565 393 sensissent,
588 311 792 396 Lilybaeum,
816 308 982 395 extemplo
1006 310 1271 397 provinciamque

139 397 237 461 aliam
259 398 439 462 Romanam
463 398 736 478 adgrederentur,
769 399 880 482 itaque
903 395 1009 461 classe
1032 417 1114 482 opus
1139 419 1221 478 esse,
1248 395 1271 461 si

139 506 251 568 regem
274 485 399 548 socium
423 483 633 568 Siciliamque
655 485 739 549 tueri
763 482 893 548 vellent.

106 589 120 636 1
243 570 347 633 LVII.
371 568 504 634 Litteris
527 569 669 633 consulis
704 571 865 655 praetoris
891 591 932 632 uc
964 567 1056 633 lectis
1080 578 1274 634 censuerunt

139 666 326 742 praetorem
350 655 395 718 M.
421 656 603 734 Claudium,
637 656 694 741 qui
717 654 813 719 classi
845 591 889 718 ad
910 653 1037 720 Ostiam
1062 657 1163 718 stanti
1184 676 1272 741 prae-

141 751 237 817 esset,
271 740 447 806 Canusium
472 743 525 804 ad
559 745 739 806 exercitum
770 741 965 804 mittendum
1000 740 1274 826 scribendumque

140 827 274 910 consuli,
291 837 337 908 ut,
361 850 434 892 cum
451 829 596 914 praetori
611 829 791 892 exercitum
807 827 1005 909 tradidisset,
1020 828 1128 912 primo
1146 848 1274 913 quoquo

139 915 299 999 tempore,
324 925 482 1000 quantum
504 914 790 999 percommodum
813 913 861 977 rei
883 913 1035 999 publicae
1055 911 1130 978 fieri
1151 923 1273 999 posset,

66 1031 68 1033 >
102 1005 118 1052 2
138 999 275 1064 Romam
297 1000 444 1082 veniret,
469 1000 573 1064 territi
598 1000 694 1063 etiam
718 1021 818 1085 super
839 1009 947 1063 tantas
971 999 1081 1063 clades
1104 999 1271 1085 prodigiis.

140 1086 319 1150 decemviri
341 1084 445 1150 libros
468 1086 559 1150 adire
581 1086 660 1160 iussi
684 1097 768 1166 sunt,
792 1094 825 1148 et
852 1083 891 1163 Q.
916 1084 1037 1149 Fabius
1059 1085 1171 1149 Pictor
1192 1083 1272 1149 Del·

102 1173 221 1257 3phos
245 1172 286 1235 ad
316 1172 484 1237 oraculum
513 1173 631 1236 missus
658 1182 707 1235 est
735 1172 941 1252 sciscitatum,
973 1169 1092 1258 quibus
1121 1171 1275 1256 precibus

139 1256 376 1343 suppliciisque
405 1259 486 1322 deos
509 1266 642 1343 possent
664 1256 806 1342 placare,
831 1268 864 1320 et
886 1279 1045 1342 quaenam
1067 1257 1179 1322 futura
1200 1257 1273 1320 finis

140 1345 237 1408 tantis
277 1344 425 1409 cladibus
462 1344 555 1407 foret.
594 1343 724 1406 interim
766 1366 809 1407 ex
844 1342 996 1407 fatalibus
1040 1341 1132 1408 libris
1178 1344 1273 1407 sacri-

102 1430 215 1494 4ficia
248 1428 377 1516 aliquot
412 1429 672 1494 extraordinaria
707 1429 808 1511 facta3
845 1430 930 1492 inter
967 1451 1051 1514 quae
1088 1427 1204 1494 Gallus
1243 1437 1276 1491 et

141 1515 246 1596 Galla,
283 1515 430 1581 Graecus
469 1526 503 1579 et
540 1513 668 1579 Graeca
704 1516 737 1578 in
773 1515 843 1579 foro
882 1515 1017 1579 boaario
1055 1515 1116 1579 sub
1154 1524 1274 1579 terram

139 1603 205 1667 vivi
239 1602 371 1666 demissi
402 1611 477 1666 sunt
508 1603 540 1666 in
573 1601 681 1665 locum
719 1623 798 1664 saxo
838 1612 1059 1687 consaeptum,
1098 1602 1163 1664 iam
1200 1611 1273 1664 anto

140 1688 253 1753 hostiis
278 1686 437 1764 humanis,
471 1690 602 1751 minime
628 1687 774 1750 Romano
797 1709 901 1769 sacro,
935 1686 1106 1751 imbutum.
1137 1685 1277 1773 placatis

104 1776 228 1856 fisatis,
261 1785 298 1838 ut
330 1775 494 1857 rebantur,
529 1775 598 1838 deis
631 1773 674 1836 M.
708 1770 863 1837 Claudius
894 1772 1068 1837 Marcellus
1106 1772 1148 1836 ab
1182 1771 1275 1838 Ostia

116 1901 118 1904 .
141 1860 229 1925 mille
262 1870 294 1926 et
318 1863 509 1947 quingentos
533 1859 660 1941 milites,
685 1881 766 1944 quos
789 1860 821 1922 in
845 1857 983 1923 classem
1006 1861 1145 1945 scriptos
1173 1859 1275 1922 habe·

142 1947 207 2028 bat,
231 1947 376 2023 Romam,
400 1956 436 2010 ut
457 1946 532 2010 urbi
554 1945 717 2030 praesidio
747 1943 864 2024 essent,
888 1946 999 2026 mittit3
1031 1946 1112 2030 ipse,
1144 1943 1276 2029 legione

103 2041 117 2088 6
142 2032 278 2096 classica
310 2068 350 2078 -
374 2055 413 2096 ea
435 2032 519 2113 legio
550 2033 645 2095 tertia
672 2041 741 2094 erat
766 2068 810 2078 -
847 2053 920 2095 cum
957 2031 1096 2096 tribunis
1131 2031 1273 2107 ,militum

141 2117 288 2181 Teanum
312 2116 489 2182 Sidicinum
511 2118 699 2201 praemissa,
722 2116 826 2189 classe
849 2118 969 2181 tradita
992 2116 1027 2181 P.
1052 2116 1152 2181 Furio
1175 2116 1274 2181 Philo

140 2203 296 2287 conlegae
332 2226 453 2289 paucos
486 2212 560 2288 post
597 2203 666 2267 dies
712 2200 888 2267 Canusium
933 2205 1059 2288 magnis
1104 2202 1276 2268 itineribus

104 2290 319 2355 roontendit.
344 2291 419 2354 inde
457 2290 597 2355 dictator
631 2311 674 2353 ex
705 2291 896 2353 auctoritate
929 2301 1059 2374 patrum
1091 2289 1196 2354 dictus
1229 2288 1273 2352 M.

142 2377 253 2440 Iunius
278 2386 310 2440 et
333 2376 383 2440 Ti.
413 2376 623 2461 Sempronius
658 2377 811 2459 magister
834 2377 977 2459 equitum
1011 2374 1133 2440 dilectu
1167 2376 1276 2454 edicto

143 2465 285 2527 iuniores
317 2461 359 2528 ab
392 2464 483 2526 annis
516 2462 750 2547 septemdecim
788 2472 819 2525 et
857 2462 1016 2547 quosdam
1051 2470 1275 2546 praetextatos

143 2548 298 2613 scribunt.
330 2560 483 2635 quattuor
510 2571 553 2611 ex
580 2548 630 2611 his
658 2546 803 2632 legiones
832 2556 865 2611 et
890 2547 980 2611 mille
1007 2549 1134 2634 equites
1158 2548 1272 2612 effecti.

103 2636 219 2699 sitem
242 2635 282 2697 ad
308 2636 415 2700 socios
446 2635 664 2719 Latinumque
695 2630 812 2697 nomen
840 2634 881 2697 ad
911 2633 1029 2698 milites
1062 2657 1105 2698 cx
1131 2632 1276 2719 ¹formula

142 2719 347 2804 accipiendos
380 2723 519 2784 mittunt.
558 2742 657 2800 arma,
694 2720 770 2802 tela,
799 2719 862 2784 alia
888 2722 996 2804 parari
1022 2720 1136 2803 iubent
1163 2729 1197 2782 et
1218 2742 1272 2783 ve·

141 2816 211 2870 tera
247 2805 353 2889 spolia
390 2807 530 2870 hostium
569 2805 744 2870 detrahunt
782 2805 911 2891 templis
949 2805 1204 2892 porticibusque.
1243 2814 1276 2869 et

105 2893 276 2957 aformam
308 2893 384 2955 novi
417 2891 553 2957 dilectus
575 2893 685 2976 inopia
715 2891 891 2957 liberorum
924 2893 1067 2977 capitum
1093 2913 1133 2956 ac
1162 2913 1272 2955 neces·

141 2980 218 3043 sitas
258 2978 361 3041 dedit:
408 2989 481 3042 octo
519 2978 608 3042 milia
645 2979 800 3044 iuvenum
837 2978 1019 3043 validorum
1058 2999 1100 3040 cx
1133 2978 1275 3042 servitiis

140 3066 230 3150 prius
253 3065 454 3128 sciscitantes
478 3064 632 3149 singulos,
654 3063 817 3131 vellentne
839 3065 988 3148 militare,
1011 3073 1121 3149 empta
1143 3062 1274 3150 publico

89 3165 122 3222 ιο
140 3161 357 3216 armaverunt.
396 3150 450 3213 hic
481 3152 575 3215 miles
607 3154 710 3235 magis
743 3151 875 3237 placuit,
908 3142 982 3216 cum
1015 3151 1120 3235 pretio
1149 3151 1274 3215 minore

139 3237 321 3318 redimendi
345 3238 493 3324 captivos
517 3239 612 3323 copia
635 3237 737 3301 fieret.

105 3338 118 3384 1
241 3323 364 3388 LVIII.
396 3324 547 3408 Namque
574 3322 740 3387 Hannibal
773 3322 951 3386 secundum
984 3332 1050 3387 tam
1081 3343 1273 3407 prosperam

105 3409 178 3473 aad
214 3407 342 3473 Oannas
376 3433 519 3496 pugnam
552 3411 686 3474 victoris
719 3410 822 3492 magis
856 3430 953 3494 quam
985 3407 1107 3472 bellum
1131 3408 1274 3491 gerentis

138 3498 280 3560 intentus
305 3497 400 3577 curis,
434 3518 506 3559 cum
532 3496 670 3579 captivis
692 3495 860 3580 productis
885 3496 1129 3581 segregatisque
1154 3496 1273 3572 socios,

139 3583 221 3646 sicut
252 3589 327 3647 ante
360 3583 401 3646 ad
434 3580 590 3646 Trebiam
622 3580 947 3666 Trasumennumque
978 3579 1094 3654 lacum,
1132 3580 1275 3664 benigne

139 3667 297 3733 allocutus
333 3668 402 3732 sine
435 3668 542 3753 pretio
578 3666 761 3747 dimisisset,
783 3665 947 3730 Romanos
975 3688 1105 3752 quoque
1127 3676 1275 3748 vocatos,

140 3756 228 3841 quod
252 3775 431 3839 numquam
464 3752 544 3818 alias
567 3762 672 3832 antea,
705 3752 782 3815 satis
806 3753 876 3815 miti
907 3773 1055 3816 sermone
1083 3751 1273 3838 alloquitur:

88 3856 108 3900 a
128 3861 196 3903 non
212 3841 453 3906 internecivum
472 3839 535 3905 sibi
552 3859 624 3903 esse
640 3859 713 3901 cum
730 3837 886 3902 Romanis
902 3837 1039 3919 bellum3
1057 3837 1098 3902 de
1116 3839 1274 3922 dignitate
