2738 4146
333 138 443 189 urana
460 140 532 192 xxr.
553 140 628 191 car.
647 144 689 192 aa
708 143 750 191 aa.
769 144 810 192 aa.
830 140 864 210 [a.
884 142 916 194 u.
936 160 959 194 a.
979 144 1048 212 saca
1223 130 1281 188 125

91 312 240 401 pediturn
263 311 416 377 Hannoni
439 314 479 377 ad
502 315 700 401 praesidinm
724 315 918 380 obtinendae
940 318 1081 400 regionis
1106 316 1181 382 data
1201 326 1233 381 et

93 397 180 464 mille
204 401 339 485 equites
362 408 535 486 postquam
556 423 616 489 per
638 401 842 485 Pyrenaeum
866 401 983 466 saltum
996 404 1124 468 traduci
1139 425 1231 467 exer·
1250 420 1268 468 4

93 488 175 551 citus
201 496 251 550 est
273 497 417 572 coeptus,
440 510 617 574 rumorque
638 508 698 574 per
719 486 878 553 barbaros
900 492 1043 553 manavit
1058 492 1176 555 certior
1192 489 1233 553 de

93 571 181 637 bello
204 570 363 653 Romano,
394 575 457 637 tria
485 573 574 638 milia
603 575 679 638 inde
711 572 968 661 Carpetanorum
1024 575 1146 641 editum
1172 577 1233 640 iter

94 667 292 723 averterunt.
317 657 487 724 constabat
506 682 571 725 non
584 669 651 724 tam
666 657 752 724 bello
767 670 872 725 motos
889 683 986 746 quam
998 599 1233 749 longinquitate

93 747 165 809 viae
187 742 508 832 inexsuperabilique
531 745 662 833 Alpium
684 749 829 812 transitu.
852 744 1025 830 Hannibal,
1049 750 1126 832 quia
1139 767 1267 814 reve-5
1342 762 1344 766 ‘

94 854 170 896 care
194 839 250 895 aut
271 832 304 893 vi
325 833 465 894 retinere
503 853 559 897 eos
594 854 712 919 anceps
736 841 813 914 erat,
848 855 888 896 ne
921 842 1104 898 ceterorum
1136 837 1232 898 etiam

92 917 221 982 feroces
260 918 357 981 animi
393 919 608 999 irritarentur,
647 941 746 1005 supra
782 928 905 1005 septem
945 918 1033 984 milia
1069 920 1268 988 honrinumo

95 1004 212 1069 domos
234 1005 367 1083 remisit,
401 1025 482 1089 quos
515 1014 547 1068 et
576 1007 663 1091 ipsos
686 1007 816 1087 gravari
838 1005 951 1070 militia
972 1014 1127 1081 senserat,
1153 1004 1232 1070 Oar-

93 1100 232 1176 petanos
257 1110 386 1237 quoque
410 1089 451 1153 ab
475 1112 510 1154 se
534 1090 682 1155 dimissos
706 1089 869 1155 simulans.
1221 1149 1250 1163 ,

199 1174 267 1238 XX
289 1175 326 1237 V.
349 1174 441 1257 Inde,
463 1198 506 1239 ne
528 1198 621 1242 mora
643 1185 739 1262 atque
763 1179 862 1241 otium
885 1179 1008 1258 animos
1036 1176 1232 1259 sollicitaret,
1255 1199 1269 1246 1

95 1286 170 1327 cum
193 1260 327 1348 reliquis
350 1263 451 1347 copiis
472 1262 679 1345 Pyrenaeum
701 1263 937 1346 transgreditur
960 1272 992 1328 et
1014 1263 1056 1326 ad
1077 1263 1233 1350 oppidum

93 1347 224 1413 Iliberri
248 1356 355 1411 castra
375 1344 470 1412 locat.
497 1347 593 1428 Galli,
618 1371 813 1434 quamquam
835 1348 949 1414 Italiae
972 1347 1095 1414 bellum
1121 1349 1233 1413 inferri
1254 1372 1269 1418 2

94 1433 281 1507 audiebant,
298 1442 415 1515 tamen,
440 1436 516 1520 quia
529 1437 563 1499 vi
578 1434 729 1500 subactos
745 1443 832 1500 trans
848 1435 1053 1519 Pyrenaeum
1070 1434 1233 1521 Hispanos

92 1520 181 1586 fama
204 1529 275 1584 erat
296 1520 522 1606 praesidiaque
553 1519 663 1585 valida
694 1523 842 1607 inposita,
877 1529 967 1586 metu
997 1524 1159 1586 servitutis
1192 1522 1233 1585 ad

94 1629 186 1671 arma
209 1608 405 1672 consternati
427 1606 644 1671 Ruscinonem
660 1606 782 1693 aliquot
795 1605 909 1694 populi
924 1609 1128 1672 conveniunt.
1145 1606 1232 1693 qnod
1252 1617 1267 1664 3

93 1692 150 1758 ubi
172 1691 354 1756 Hannibali
384 1695 564 1756 nuntiatum
597 1702 655 1772 est,
687 1715 812 1757 moram
844 1695 947 1775 magis
980 1716 1077 1778 quam
1110 1692 1234 1758 bellum

95 1789 254 1857 metuens,
279 1787 423 1843 oratores
447 1779 488 1841 ad
511 1777 642 1862 regulos
671 1800 782 1842 eorum
815 1781 915 1843 misit:
947 1777 1098 1864 conloqui
1130 1788 1234 1843 semet

94 1867 200 1952 ipsum
225 1886 299 1928 cum
322 1866 360 1929 iis
382 1862 476 1944 velle,
501 1873 534 1928 et
554 1863 607 1929 vel
629 1863 676 1928 illi
689 1867 822 1951 propius
844 1863 1006 1929 Iliberrim
1029 1865 1232 1947 accederent,

93 1950 147 2016 vel
171 1972 207 2016 se
231 1950 448 2015 Ruscinonem
470 1971 710 2038 processurum,
733 1959 770 2013 ut
785 1973 826 2014 ex
841 1953 1023 2038 propinquo
1040 1972 1233 2033 congressus
1254 1961 1270 2008 4

93 2036 221 2102 facilior
244 2045 344 2101 esset:
367 2058 443 2100 nam
466 2044 499 2100 et
521 2046 730 2123 accepturum
746 2058 802 2100 eos
818 2039 851 2100 in
867 2046 973 2101 castra
988 2059 1047 2100 sua
1062 2060 1096 2101 se
1112 2035 1233 2101 laetum

93 2145 156 2188 nec
179 2131 369 2187 cunctanter
392 2145 427 2187 se
449 2125 556 2209 ipsum
579 2123 621 2186 ad
650 2144 706 2187 eos
739 2131 919 2187 venturum.
955 2122 1117 2209 hospitem
1148 2125 1233 2187 enim

95 2231 131 2275 se
147 2207 286 2287 Galliae,
301 2230 368 2274 non
383 2207 510 2273 hostem
527 2207 699 2273 advenisse
713 2229 775 2273 nec
791 2211 977 2273 stricturum
994 2219 1067 2272 ante
1079 2207 1232 2292 gladium,

93 2298 121 2360 si
142 2317 205 2382 per
228 2292 342 2360 Gallos
357 2293 462 2375 liceat,
486 2317 584 2381 quam
606 2297 639 2358 in
654 2293 781 2359 Italiam
800 2298 955 2360 venisset.
982 2303 1014 2358 et
1027 2318 1087 2442 per
1103 2297 1231 2360 nuntios
1253 2306 1268 2354 5

93 2381 229 2468 quidem
249 2379 348 2459 haec3
378 2389 416 2445 ut
437 2402 515 2445 vero
538 2379 643 2464 reguli
667 2378 836 2446 Gallorum
860 2383 972 2445 castris
1005 2402 1025 2443 a
1069 2379 1232 2444 Iliberrim

94 2466 261 2555 extemplo
293 2469 387 2532 motis
418 2465 506 2530 haud
539 2475 672 2550 gravate
704 2466 747 2529 ad
769 2465 916 2532 Poenum
946 2475 1115 2546 venerunt,
1147 2469 1232 2552 capti

92 2553 187 2620 donis
226 2575 299 2617 cum
336 2552 423 2618 bona
458 2570 540 2639 pace
578 2554 757 2618 exercitam
793 2574 853 2640 per
884 2552 965 2617 fines
995 2574 1071 2617 suos
1102 2560 1233 2639 praeter

91 2640 312 2706 Ruscinonem
335 2639 492 2727 oppidum
513 2641 768 2704 transmiserunt.

198 2723 309 2789 XXV.
340 2723 380 2787 In
402 2723 529 2790 Italiam
561 2727 690 2789 interim
721 2724 799 2789 nihil
829 2724 914 2788 ultra
946 2745 1043 2810 quam
1070 2722 1265 2788 Hiberuml

90 2813 248 2878 mansisse
271 2808 490 2875 Hannibalem
522 2809 813 2876 aMassiliensium
847 2809 961 2891 legatis
992 2809 1130 2874 Romam
1159 2832 1231 2897 per-

92 2898 196 2964 latum
231 2904 309 2978 erat,
344 2919 428 2979 eum,
460 2896 596 2985 perinde
628 2918 666 2961 ac
698 2899 725 2962 si
751 2895 854 2984 Alpes
876 2899 941 2960 iam
963 2899 1139 2979 transisset,
1171 2896 1266 2961 Boia

90 2983 271 3051 sollicitatis
306 2981 499 3048 Insubribus
538 2982 729 3048 defecerunt
764 3004 828 3048 nec
865 2992 933 3047 tam
965 2982 1014 3084 ob·
1040 2992 1169 3047 veteres
1199 2985 1232 3046 in

88 3068 577 3240 ttttlt'tfttttttttt
601 3069 818 3221 llilaalull
847 3090 961 3238 tttt
986 3067 1231 3218 tttltdtt

90 3244 208 3309 ductas
240 3263 337 3326 aegre
362 3241 580 3329 patiebantur.
595 3282 603 3297 2
617 3244 725 3328 itaque
758 3243 855 3304 armis
882 3249 1016 3327 repente
1041 3242 1176 3325 arreptis
1199 3242 1265 3303 ins

90 3352 167 3395 eum
188 3331 297 3416 ipsum
320 3349 434 3411 agrum
455 3328 579 3414 impetu
600 3326 685 3391 facto
709 3336 831 3391 tantum
855 3328 988 3391 terroris
1013 3348 1051 3390 ac
1073 3324 1229 3390 tumultus

88 3414 249 3497 lecerunt,
272 3421 394 3478 utnon
416 3417 556 3498 agrestis
580 3414 678 3479 modo
703 3412 883 3494 multitudo,
908 3412 966 3477 sed
987 3414 1049 3498 ipsi
1071 3414 1230 3475 triumviri

88 3502 238 3583 Romani,
273 3501 329 3588 qui
355 3499 397 3564 ad
424 3521 538 3583 agrum
571 3509 728 3563 venerant
754 3499 1000 3583 adsignandum,
1038 3496 1135 3561 diffisi
1157 3495 1229 3560 Pla-

90 3591 218 3655 centIae
240 3585 412 3652 'moenibus
434 3586 592 3650 Mutinam
615 3585 826 3669 confugerint,
852 3584 888 3648 C.
912 3585 1070 3662 Lutatius,
1097 3581 1133 3646 O.
1155 3582 1228 3645 Ser-

88 3674 195 3756 vilius,
224 3671 269 3736 M.
297 3670 433 3737 Annius.
478 3671 600 3737 Lutatii
626 3694 744 3736 nomen
779 3671 865 3735 haud
899 3670 1035 3735 dubium
1068 3677 1130 3750 est;
1170 3687 1270 3755 prot

88 3759 198 3827 Annio
226 3756 431 3845 Servilioque
458 3758 514 3821 M'.
559 3756 701 3822 Acilium
734 3765 766 3821 et
798 3754 833 3820 O.
867 3755 1068 3820 Herennium
1107 3754 1229 3819 habent

89 3847 224 3934 quidam
246 3842 389 3927 annales,
423 3843 475 3909 alii
498 3845 535 3909 P.
561 3842 749 3909 Cornelium
772 3841 910 3909 Asinam
940 3851 976 3908 et
1003 3838 1046 3905 (l.
1063 3840 1242 3924 Papir'mrn
