2738 4146
386 121 495 169 Ltssuu
513 121 547 168 Il.
567 119 644 169 csP.
663 123 687 169 9.
709 124 748 170 10.
769 119 802 186 [a.
822 122 854 172 U.
873 138 896 172 c.
916 121 975 188 ata]
1237 113 1274 168 61

195 291 254 354 ΙΧ.
287 291 358 353 Iam
390 290 561 376 Tarquinii
592 292 633 353 ad
663 291 796 354 Lartem
824 292 1028 374 Porsinnam,
1059 292 1261 362 Clusinuml

90 401 213 462 regem,
238 378 457 463 perfugerant.
482 377 528 439 ibi
551 377 717 440 miscendo
742 378 913 441 consilium
936 401 1117 465 precesque
1140 403 1225 444 nuuc

91 465 239 539 orabant,
276 486 317 526 ne
349 484 394 544 se,
428 463 582 526 oriundos
617 485 659 526 ex
686 463 844 544 Etruscis,
880 466 1026 528 eiusdem
1060 467 1224 550 sanguinis

89 551 306 634 nominisque,
325 558 457 632 egentes
474 547 607 611 exulare
624 548 800 632 pateretur,
822 572 909 614 nunc
924 552 1101 614 monebant
1117 554 1224 635 etiam,

91 660 133 700 ne
161 637 320 699 orientem
351 656 476 698 morem
509 633 652 719 pellendi
684 657 778 718 reges
809 635 947 700 inultum
982 638 1112 701 sineret.
1146 639 1258 706 satist

92 723 279 786 libertatem
301 723 405 805 ipsam
430 720 551 782 habere
576 719 765 784 dulcedinis.
788 723 858 800 nisi,
885 732 1006 808 quanta
1024 725 1057 787 vi
1074 725 1223 788 civitates
1242 749 1257 795 3

92 832 165 873 eam
189 817 353 892 expetant,
376 813 466 869 tanta
489 828 591 888 regna
612 829 707 890 reges
731 806 917 888 defendant,
941 811 1074 892 aequari
1098 811 1225 873 summa

93 895 226 967 infimis3
250 891 330 955 nihil
354 891 528 956 excelsum.
553 891 645 973 nihil,
669 893 757 977 quod
774 915 873 978 supra
889 904 1000 957 cetera
1023 896 1172 977 emineat,
1192 897 1224 959 in

96 980 284 1044 civitatibus
315 980 399 1059 fore;
429 978 544 1041 adesse
567 977 662 1041 finem
687 980 806 1061 regnis,
835 981 882 1043 rei
905 982 989 1044 inter
1014 981 1092 1045 deos
1121 980 1224 1045 homi·

92 1089 219 1152 nesque
240 1065 489 1151 pulcherrimae.
512 1064 672 1128 Porsinna
695 1087 769 1127 cum
792 1087 903 1148 regem
927 1087 998 1130 esse
1012 1065 1136 1130 Romae
1155 1077 1223 1130 tum
1242 1091 1259 1138 4

92 1153 251 1216 Etruscae
274 1153 379 1233 gentis
402 1171 512 1233 regem
538 1149 682 1234 amplum
698 1148 812 1214 Tuscis
836 1160 924 1214 ratus
947 1153 1084 1216 Romam
1106 1152 1223 1216 infesto

93 1239 242 1302 exercitu
263 1239 362 1301 venit.
385 1258 450 1299 nou
473 1258 628 1321 umquam
650 1235 730 1299 alias
746 1246 820 1300 ante
835 1247 943 1300 tantus
959 1248 1065 1302 terror
1077 1251 1224 1302 senatum
1243 1264 1259 1312 5

93 1325 227 1406 invasit;
250 1324 332 1386 adeo
355 1321 465 1386 valida
486 1344 539 1384 res
562 1331 631 1385 tum
654 1319 786 1386 Clusina
811 1334 881 1386 erat
902 1346 1122 1409 magnumque
1145 1324 1222 1388 Por·

77 1412 205 1479 [sinuas
227 1431 354 1472 nomen.
379 1431 439 1471 nec
463 1407 572 1472 hostes
596 1408 693 1470 modo
717 1407 884 1490 timebant,
913 1412 971 1473 sed
994 1420 1139 1474 suosmet
1161 1411 1223 1495 ipsi

94 1498 193 1577 cives,
219 1517 261 1559 ne
284 1495 430 1559 Romana
453 1493 546 1580 plebs
574 1503 664 1556 metu
691 1493 844 1579 perculsa
869 1497 1011 1580 receptis
1045 1498 1077 1559 in
1108 1496 1223 1560 urbem

92 1583 226 1666 regibus
257 1581 309 1644 vel
343 1603 417 1643 cum
450 1581 606 1643 servitute
637 1602 752 1663 pacem
784 1581 956 1665 acciperet.
994 1582 1095 1646 multa
1126 1583 1257 1666 igitur-6

93 1669 316 1732 blandimenta
338 1666 427 1750 plebi
449 1688 509 1752 per
532 1666 565 1728 id
589 1675 718 1750 tempus
747 1665 788 1728 ab
813 1670 928 1730 senatu
956 1668 1040 1730 data.
1076 1690 1223 1732 annonae
1317 1727 1319 1733 ,

92 1757 125 1818 in
150 1755 261 1839 primis
285 1753 397 1815 habita
412 1775 499 1832 cura,
524 1752 619 1814 etad
642 1752 838 1815 frumentum
863 1754 1118 1836 comparandum
1133 1755 1223 1818 missi

93 1841 148 1905 alii
171 1842 203 1903 in
216 1838 363 1918 Volscos,
388 1837 440 1900 alii
458 1837 586 1902 Cumas.
611 1837 685 1900 salis
710 1860 840 1923 quoque
862 1840 1025 1903 vendendi
1042 1841 1221 1923 arbitrium,

95 1929 171 2012 quia
192 1927 327 2010 inpenso
352 1926 456 2011 pretio
485 1923 626 2002 venibat,
659 1924 691 1986 in
724 1924 889 2007 publicum
923 1948 1017 1988 omne
1046 1937 1222 2010 sumptum,

96 2014 285 2097 ademptum
307 2012 458 2096 privatis3
487 2009 705 2095 portoriisque
729 2020 761 2072 et
785 2011 905 2074 tributo
930 2010 1044 2096 plebes
1072 2012 1221 2087 liberata,

93 2108 129 2162 ut
158 2099 274 2161 divites
303 2097 495 2177 conferrent,
529 2097 583 2182 qui
617 2098 705 2159 oneri
737 2096 872 2160 ferendo
895 2107 1025 2161 essent:
1061 2119 1223 2184 palmares

94 2186 172 2248 satis
197 2184 350 2268 stipendii
377 2184 532 2267 pendere,
567 2182 593 2245 si
626 2181 747 2246 liberos
776 2182 960 2247 educerent.
999 2186 1110 2268 itaque
1142 2184 1258 2247 haec7

93 2269 295 2353 indulgentia
321 2280 452 2354 patrum
479 2269 602 2354 asperis
630 2268 837 2353 postmodum
864 2268 963 2333 rebus
991 2271 1026 2346 in
1054 2269 1222 2333 obsidione

93 2379 133 2420 ac
156 2357 241 2419 fame
264 2357 346 2419 adeo
371 2355 565 2418 concordem
578 2355 742 2417 civitatem
764 2355 875 2427 tenuit,
898 2366 934 2418 ut
955 2357 1083 2438 regium
1104 2377 1223 2419 nomen

92 2465 158 2507 non
181 2443 297 2506 summi
312 2443 414 2524 magis
430 2463 527 2526 quam
550 2439 650 2503 infimi
667 2439 846 2520 horrerent,
867 2463 928 2505 nec
944 2444 1116 2527 quisquam
1139 2464 1222 2505 unus
1244 2447 1259 2494 8

93 2528 188 2593 malis
211 2528 334 2591 artibus
363 2538 480 2612 postea
507 2535 573 2590 tam
599 2523 766 2610 popularis
791 2535 884 2606 esset,
916 2549 1014 2612 quam
1041 2537 1110 2590 tum
1138 2525 1222 2592 bene

92 2614 286 2699 imperando
309 2616 480 2677 universus
504 2624 633 2675 senatus
656 2613 725 2674 t'uit.

197 2699 239 2762 X.
264 2698 347 2763 Cum
371 2699 479 2762 hostes
503 2698 663 2777 adessent,
687 2719 747 2783 pro
771 2720 806 2760 se
831 2698 967 2783 quisque
988 2699 1022 2760 in
1044 2697 1159 2762 urbem
1181 2708 1255 2762 exl

92 2787 180 2870 agris
204 2786 396 2868 demigrant,
420 2785 535 2848 urbem
549 2786 654 2870 ipsam
665 2785 813 2868 saepiunt
827 2784 1009 2868 praesidiis.
1036 2783 1099 2848 alia
1111 2786 1220 2868 muris,

93 2872 158 2935 alia
173 2871 284 2935 Tiberi
301 2871 428 2935 obiecto
451 2869 649 2933 videbantur
662 2880 747 2951 tuta3
771 2892 853 2954 pons
870 2868 1025 2934 sublicius
1040 2872 1103 2935 iter
1119 2893 1220 2956 paene
1242 2883 1257 2928 2

91 2956 243 3022 hostibus
269 2957 368 3029 dedit,
391 2958 424 3020 ni
440 2980 522 3020 unus
545 2958 595 3020 vir
609 2956 733 3034 fuisset,
748 2956 903 3020 Horatius
914 2955 1045 3020 Cocles:
1069 2958 1103 3019 id
1119 2959 1219 3021 muni·

91 3054 239 3108 mentum
261 3042 317 3105 illo
342 3044 394 3107 die
413 3043 543 3106 fortuna
564 3042 655 3106 urbis
678 3042 842 3105 Romanae
866 3042 988 3106 habuit.
1018 3045 1073 3128 qui
1096 3044 1220 3128 positus
1241 3057 1256 3103 3

90 3130 176 3194 forte
198 3131 231 3193 iu
254 3129 392 3193 statione
414 3131 533 3213 pontis,
559 3152 630 3192 oum
655 3139 785 3212 captum
808 3130 978 3213 repentino
1001 3131 1125 3214 impetu
1137 3128 1220 3192 Iani-

92 3215 203 3280 culum
231 3225 330 3301 atque
361 3216 437 3279 inde
467 3217 583 3279 citatos
612 3216 786 3279 decurrere
818 3214 928 3278 hostes
958 3216 1095 3278 vidisset
1123 3216 1220 3300 trepi-

90 3302 235 3388 damque
257 3301 387 3365 turbam
410 3324 543 3366 suorum
566 3323 655 3363 arma
679 3301 874 3384 ordinesque
893 3300 1087 3387 relinquere,
1110 3323 1221 3385 repre·

89 3388 232 3453 hensans
255 3387 409 3471 singulos,
439 3387 600 3451 obsistens
624 3388 857 3472 obtestansque
879 3386 977 3450 deum
1001 3397 1033 3451 et
1055 3387 1221 3451 hominum

88 3474 190 3538 fidem
211 3473 394 3538 testabatur
407 3475 606 3558 nequiquam
630 3474 759 3537 deserto
782 3474 945 3558 praesidio
971 3495 1025 3537 eos
1041 3473 1170 3556 fugere3
1194 3475 1221 3537 si
1240 3490 1256 3536 4

88 3562 263 3625 transitum
286 3571 416 3646 pontem
442 3584 461 3621 a
482 3570 576 3643 tergo
599 3558 816 3644 reliquissent,
840 3561 903 3622 iam
926 3558 1000 3644 plus
1023 3559 1167 3623 hostium
1188 3560 1221 3623 in

88 3646 214 3710 Palatio
239 3645 466 3733 Capitolioque
490 3668 586 3731 quam
609 3645 640 3707 in
663 3644 807 3709 laniculo
830 3645 909 3708 fore.
944 3647 1054 3730 itaque
1077 3668 1222 3724 monere,

87 3733 292 3820 praedicere,
323 3744 360 3797 ut
391 3743 524 3819 pontem
547 3732 643 3810 ferro,
677 3733 753 3816 igni,
787 3754 1001 3819 quacumque
1029 3732 1071 3793 *ix
1093 3731 1247 3812 pessima,

87 3823 343 3904 interrumpent,
375 3841 411 3884 se
436 3822 596 3908 impetum
626 3817 786 3906 hostium,
821 3829 1002 3907 quantum
1022 3831 1176 3895 carpere
1194 3821 1272 3864 um
