2738 4146
352 152 462 204 mnan
480 155 566 207 xxm
584 154 659 206 car.
677 158 719 207 so.
737 160 778 208 m.
799 156 831 224 [a.
849 156 884 208 u.
901 173 924 207 ο.
943 155 1013 224 aaa.
1213 144 1274 202 207

89 322 166 388 utini
199 345 240 387 ac
267 327 419 407 manetis;
447 349 522 391 cum
551 350 692 411 manere,
721 341 827 391 castra
850 331 948 392 tutari
970 329 1068 393 armis
1091 350 1226 393 necesse

89 421 148 494 est,
182 420 216 474 et
249 419 355 475 castra
385 422 418 477 et
446 434 536 477 arma
560 423 592 478 et
614 435 672 477 vos
694 416 782 499 ipsos
806 415 933 478 traditis
957 414 1052 479 hosti.
1077 436 1137 499 ego
1160 436 1226 478 non
1246 432 1279 481 at

93 497 197 580 magis
220 497 302 562 istos
326 497 546 579 redimendos,
563 508 674 585 patres
691 502 877 584 cqnscripti,
895 522 1023 584 censeo,
1040 522 1137 587 qnam
1153 499 1227 566 illos

88 582 262 648 dedendos
294 582 481 666 Hannibali,
515 588 571 671 qui
603 607 664 670 per
691 587 816 651 medios
839 586 951 651 hostes
975 610 993 651 e
1017 589 1132 651 castris
1157 609 1227 650 eru·

90 680 212 754 perant
233 690 273 733 ac
295 690 355 754 per
377 693 536 735 summam
559 673 711 736 virtutem
735 695 769 736 sa
792 675 918 758 patriae
939 672 1180 738 restituerunt.“

195 754 286 819 LXI.
308 754 488 843 Postquam
510 756 650 822 Manlius
674 759 766 842 dixit,
790 780 984 844 quamquam
1002 769 1132 842 patrum
1148 764 1260 845 quo-1

90 864 158 929 qne
181 840 360 929 plerosque
383 844 502 928 captivi
525 844 719 927 cognatione
743 844 957 928 attingebant,
973 856 1104 928 praeter
1119 866 1227 909 exem-

89 927 183 1016 plum
206 929 347 993 civitatis
370 929 502 993 minime
524 930 557 993 in
579 932 727 1015 captivos
750 932 815 994 iam
837 931 914 994 inde
929 930 1107 1016 antiquitus
1122 930 1228 994 indul-

88 1016 209 1098 gentis,
232 1014 390 1100 pecuniae
423 1036 555 1102 quoque
586 1038 711 1080 summa
738 1015 883 1080 homines
915 1015 1025 1097 movit,
1063 1017 1139 1101 quia
1165 1022 1262 1080 nec2

90 1101 256 1165 aerarium
279 1100 455 1184 exhauriri,
478 1123 596 1184 magna
617 1103 682 1166 iam
704 1124 830 1167 summa
853 1111 989 1186 erogata
1006 1104 1039 1166 in
1055 1125 1168 1167 servos
1185 1102 1228 1165 ad

92 1186 240 1252 militiam
278 1188 433 1252 emendos
466 1188 714 1273 armandosque,
745 1211 806 1253 nec
836 1187 1053 1252 Hannibalem
1084 1190 1248 1253 maxime'

90 1273 228 1338 huiusce
252 1275 309 1355 rei,
333 1283 368 1337 ut
389 1273 475 1337 fama
498 1284 576 1355 erat,
598 1284 748 1357 egentem
764 1273 957 1360 locupletari
971 1272 1134 1340 volebant.
1152 1297 1226 1340 cum
1246 1282 1261 1329 3
1321 1314 1323 1325 ι

88 1361 182 1424 triste
206 1379 410 1443 responsum,
432 1381 497 1424 non
515 1359 631 1424 redimi
649 1363 807 1444 captivos,
824 1361 988 1425 redditum
1008 1370 1093 1424 esset
1108 1383 1224 1426 novus-

90 1468 156 1533 que
181 1467 282 1529 super
304 1454 448 1509 veterem
473 1444 577 1509 luctus
600 1455 649 1510 tot
671 1449 795 1530 iactura
818 1448 936 1516 civium
959 1447 1105 1511 adiectus
1129 1456 1226 1530 esset,

90 1554 166 1596 cum
190 1532 319 1614 magnis
349 1528 481 1595 fletibus
514 1531 749 1618 questibusque
780 1532 905 1616 legatos
929 1532 969 1595 ad
1000 1543 1128 1615 portam
1151 1554 1233 1618 pro-¹

90 1619 198 1683 secuti
214 1626 297 1682 sunt.
317 1639 399 1680 unus
427 1618 529 1682 exiis
554 1617 686 1681 domum
709 1617 797 1700 abiit,
821 1618 908 1704 qnod
932 1616 1040 1681 fallaci
1062 1618 1171 1681 reditu
1194 1619 1227 1681 in
1247 1627 1264 1675 4

89 1714 201 1769 castra
223 1703 294 1767 iure
317 1701 454 1768 iurando
477 1725 513 1768 se
529 1703 733 1769 exsolvisset.
750 1705 837 1790 quod
854 1703 910 1767 ubi
924 1705 1063 1767 innotuit
1077 1704 1227 1767 relatum-

90 1813 156 1876 que
178 1788 221 1854 ad
246 1799 393 1853 senatum
416 1799 475 1872 est,
498 1810 610 1857 omnes
631 1800 828 1855 censuerunt
848 1813 906 1854 con
933 1789 1179 1854 rebendendum
1196 1801 1229 1854 et

89 1874 285 1941 custodibus
307 1873 439 1961 publice
463 1875 547 1939 datis
571 1875 798 1940 deducendum
832 1875 873 1939 ad
931 1874 1113 1940 annibalem
1146 1899 1226 1940 esse.

195 1961 259 2026 Est
292 1969 327 2027 et
348 1963 413 2029 alia
450 1959 491 2027 de
522 1962 658 2046 captivis
689 1962 790 2026 fama:
824 1962 937 2027 decem
965 1962 1071 2047 primo
1103 1961 1265 2046 legatoso

92 2047 241 2129 venisse3
263 2046 305 2110 de
328 2048 375 2111 eis
398 2070 472 2112 cum
493 2045 675 2112 dubitatum
690 2049 723 2110 in
739 2059 852 2113 senatu
870 2058 964 2128 esset,
980 2049 1230 2113 admitterentur

92 2135 126 2198 in
157 2133 278 2198 urbem
309 2153 423 2213 necne,
455 2133 501 2197 ita
531 2133 691 2198 admissos
724 2155 807 2218 esse,
835 2157 876 2198 ne
903 2144 1011 2198 tamen
1035 2136 1074 2198 iis
1097 2144 1228 2200 senatus

90 2221 235 2305 daretur.
266 2219 469 2283 morantibus
503 2219 620 2284 deinde
651 2219 778 2303 longius
810 2222 954 2284 omnium
978 2243 1036 2305 spe
1059 2219 1138 2285 alios
1161 2231 1266 2285 treso

91 2307 227 2392 insuper
251 2303 377 2389 legatos
398 2306 539 2388 venisse,
561 2305 600 2370 L.
625 2304 829 2371 Scribonium
853 2317 886 2371 et
908 2305 945 2372 O.
968 2304 1180 2389 Calpurnium
1197 2316 1230 2370 et

91 2391 130 2456 L.
155 2390 333 2471 Manlium3
355 2400 426 2456 tum
441 2391 573 2455 demum
590 2391 631 2456 ab
648 2402 784 2476 cognato
801 2391 961 2457 Scribonii
976 2390 1105 2456 tribuno
1122 2390 1229 2476 plebis
1248 2403 1262 2450 t

90 2479 133 2543 de
147 2478 357 2563 redimendis,
368 2477 505 2564 captivis
520 2475 658 2542 relatum
674 2500 756 2562 esse,
770 2500 832 2542 nec
847 2479 1011 2542 censuisse
1019 2478 1228 2541 redimendos

92 2566 257 2631 senatum.
290 2572 325 2628 ot
356 2584 459 2628 novos
490 2562 616 2647 legatos
646 2573 713 2628 tres
742 2564 781 2627 ad
806 2562 1024 2628 Hannibalem
1044 2565 1262 2647 revertisses

93 2651 213 2715 decem
247 2658 379 2715 veteres
406 2652 610 2734 remansisse,
633 2650 721 2735 quod
745 2672 804 2736 per
826 2672 958 2714 causam
973 2649 1230 2734 recognoscendi

90 2737 225 2802 nomina
245 2736 454 2821 ,captivorum
485 2735 525 2799 ad
549 2735 768 2800 Hannibalem
791 2758 833 2800 ex
855 2737 968 2801 itinere
990 2737 1133 2819 regressi
1155 2735 1228 2801 reli-

88 2825 190 2908 gione
219 2843 301 2887 sese
317 2820 549 2902 exsolvissent3
573 2822 614 2885 de
636 2823 687 2886 iis·
700 2822 859 2886 dedendis
882 2845 1001 2904 magna
1023 2824 1229 2888 contentione

88 2917 202 2975 actum
217 2909 250 2972 in
265 2916 382 2975 senatu
397 2929 480 2993 esse,
494 2908 666 2992 victosque
682 2909 794 2994 paucis
805 2910 983 2990 sententiis,
994 2909 1050 2994 qui
1061 2908 1229 2973 dedendos

92 2994 289 3061 censuerint.
314 3003 458 3059 ceterum
480 2996 638 3078 proximis
661 2993 852 3059 censoribus
874 2995 958 3059 adeo
980 2994 1130 3059 omnibus
1145 2995 1262 3058 notisa
1329 3065 1330 3068 Ἴ

89 3081 341 3167 ignominiisque
364 3079 527 3145 confectos
548 3101 633 3172 esso,
655 3091 691 3144 ut
715 3081 847 3166 quidam
870 3101 984 3144 eorum
1006 3097 1144 3144 mortem
1167 3079 1247 3144 sibi.

89 3168 153 3254 ipsi
169 3165 337 3251 extemplo
354 3167 579 3250 consciverint,
594 3167 695 3231 ceteri
717 3186 782 3230 non
795 3166 867 3232 foro
889 3165 992 3231 solum
1006 3167 1093 3231 omni
1109 3166 1228 3230 deinde

88 3255 167 3338 vita,
191 3253 250 3318 sed
273 3274 379 3339 prope
400 3251 475 3316 luce
497 3273 538 3316 ac
559 3251 691 3338 publico
716 3253 887 3317 caruerint.
903 3253 1013 3316 mirari
1025 3254 1127 3336 magis
1143 3253 1226 3316 adeo

89 3341 279 3426 discrepare
312 3339 397 3404 inter
428 3347 578 3402 auctores
611 3360 719 3423 quam,
747 3339 825 3424 quid
851 3340 921 3403 veri
953 3339 1004 3420 sit,
1037 3338 1223 3403 discernere
1247 3353 1279 3401 1o

111 3447 202 3491 neas.

89 3450 111 3514 q
194 3509 325 3592 Quanto
355 3520 465 3575 autem
496 3511 601 3574 maior
629 3531 669 3573 ea
695 3507 805 3574 clades
828 3509 1052 3594 superioribus
1076 3508 1225 3574 cladibus

88 3599 198 3682 luerit,
219 3594 276 3662 vel
298 3617 340 3660 ea
360 3617 414 3660 res
434 3595 554 3661 indicio
579 3605 637 3675 est,
662 3596 749 3682 quod
773 3595 854 3660 fides
878 3597 1052 3679 sociorum,
1076 3617 1160 3680 quae
1183 3596 1226 3659 ad

90 3708 164 3750 eam
193 3683 281 3749 diem
306 3678 403 3746 llrma
424 3690 569 3762 steterat,
592 3691 661 3745 tum
684 3680 796 3746 labare
820 3683 937 3766 coepit,
962 3680 1051 3745 nulla
1073 3682 1222 3766 profecto
1310 3763 1314 3769 ᾗ

80 3770 155 3836 valia
184 3769 226 3834 de
253 3789 301 3850 ra,
325 3788 424 3854 quam
448 3769 535 3854 quod
561 3769 815 3851 desperaverant
837 3768 878 3831 de
901 3768 1048 3853 imperio.
1073 3769 1266 3833 defecerelt

90 3866 201 3923 autem
223 3853 267 3920 ad
288 3854 419 3920 Poenos
440 3853 473 3918 bi
494 3852 624 3942 populi:
644 3852 800 3940 Atellani,
814 3852 1137 3937 Calatinnffirq'xdx,
1150 3853 1241 3932 tma-
1301 3893 1305 3898 ·
