2738 4146
111 157 152 216 22
395 169 505 218 arnan
521 169 541 218 1.
562 168 639 219 ear.
658 171 701 219 as.
722 167 756 235 [a
773 167 807 219 u.
826 183 849 218 e.
868 165 997 236 sa-rrr]

162 351 196 405 et
217 348 334 426 suopte
356 340 486 424 ingenio
511 349 544 404 ct
565 338 654 424 pleni
676 339 917 403 adhortantium
939 338 1075 404 vocibus
1097 340 1130 404 in
1146 340 1293 408 medium

125 445 142 494 2
161 427 246 490 inter
269 427 350 489 duas
372 427 461 491 acies
476 426 668 511 procedunt.
686 426 901 489 consederant
915 424 1081 510 utrimque
1097 448 1156 511 pro
1174 432 1294 494 castris

163 512 227 577 duo
260 513 422 577 exercitus
454 512 591 597 periculi
622 516 725 597 magis
761 513 941 597 praesentis
974 533 1070 596 quam
1104 535 1202 578 curae
1234 537 1293 579 ex·

160 606 287 683 partes:
311 599 433 684 quippe
456 599 627 682 imperinm
651 597 810 681 agebatur
833 599 867 662 in
888 607 953 660 tam
976 619 1154 683 paucorum
1170 599 1294 667 virtute

161 693 262 768 atque
284 683 414 749 fortuna
436 685 588 770 positum.
625 685 735 769 itaque
768 705 845 768 ergo
878 684 977 747 erecti
1011 688 1225 771 suspensique
1257 689 1292 753 in

127 789 144 839 a
161 771 295 835 minime
316 779 444 854 gratum
468 768 691 856 spectaculum
715 771 838 833 animos
854 769 1033 834 intendunt·
1051 770 1147 834 datur
1162 773 1291 856 signum

160 854 351 942 infestisque
374 858 472 920 armis
495 855 585 920 velut
608 857 694 920 acies
717 857 800 920 terni
822 856 957 920 iuvenes
980 876 1173 940 magnorum
1196 881 1292 924 exer·

161 942 284 1006 rituum
306 943 431 1008 animos
454 952 606 1025 gerentes
629 951 834 1007 concurrunt.
872 963 932 1006 nec
963 940 1013 1006 his
1036 964 1097 1006 nec
1119 943 1182 1008 illis
1206 947 1293 1030 peri·

161 1026 270 1092 culum
293 1050 397 1111 suum,
428 1027 593 1114 publicum
627 1029 799 1112 imperium
833 1028 1067 1113 servitiumque
1095 1029 1293 1096 obversatur

161 1114 268 1179 animo
306 1113 483 1200 futuraque
517 1136 557 1177 ea
594 1114 712 1178 deinde
748 1116 875 1200 patriae
912 1114 1052 1196 fortuna,
1090 1137 1188 1200 quam
1225 1119 1290 1204 ipsi

124 1223 141 1270 4
161 1199 324 1265 fecissent.
347 1209 384 1264 ut
404 1203 510 1284 primo
527 1201 634 1264 statim
651 1203 810 1264 concursu
826 1221 1046 1284 concrepuere
1063 1223 1153 1265 arma
1167 1203 1288 1268 mican-

161 1294 276 1371 tesque
298 1285 419 1350 fulsere
442 1285 552 1370 gladii,
575 1285 691 1350 horror
718 1287 831 1368 ingens
862 1294 1048 1371 spectantes
1081 1289 1288 1373 perstringit;

126 1380 195 1444 set
216 1381 331 1437 neutro
355 1371 508 1435 incl'mata
530 1394 590 1458 spe
612 1372 765 1456 torpebat
787 1393 854 1436 vox
882 1373 1090 1458 spiritusque.
1128 1378 1291 1440 consertis

161 1456 281 1523 deinde
303 1458 452 1522 manibus
476 1481 546 1521 cum
570 1459 633 1522 iam
656 1480 720 1522 non
741 1467 849 1521 motus
876 1466 1000 1521 tantum
1024 1480 1197 1543 corporum
1220 1464 1290 1546 agi·

160 1545 306 1629 tatioque
328 1565 448 1629 anceps
471 1544 610 1607 telorum
634 1566 873 1627 armorumque,
906 1545 963 1607 sed
996 1543 1132 1609 vulnera
1155 1568 1291 1634 quoque

161 1631 335 1714 etsanguis
351 1629 539 1716 spectaculo
557 1640 673 1711 essent,
698 1630 763 1694 duo
785 1629 933 1711 Romani,
957 1652 1057 1716 super
1079 1630 1177 1695 alium
1193 1632 1289 1718 alius,

126 1713 335 1780 svulneratis
357 1715 462 1780 tribus
477 1715 615 1780 Albanis
638 1717 840 1801 exspirantes
864 1725 1063 1780 corruerunt.
1087 1717 1288 1802 adquorum

159 1822 271 1865 casum
294 1824 369 1867 cum
385 1801 624 1866 conclamasset
638 1801 909 1885 gaudioAlbanus
927 1803 1099 1885 exercitus,
1123 1802 1290 1872 Romanas

159 1886 303 1970 legiones
333 1889 397 1951 iam
430 1911 506 1973 spes
538 1897 616 1958 tota,
654 1888 797 1952 nondum
834 1897 943 1951 tamen
977 1910 1054 1952 cura
1086 1889 1289 1983 deseruerat,

162 1975 328 2038 exanimes
357 1974 429 2039 vice
462 1973 566 2054 unius,
599 1995 695 2059 quem
725 1982 792 2037 tres
825 1972 959 2038 Curiatii
995 1975 1285 2041 circumsteterant.

127 2073 142 2121 '1
160 2058 244 2124 forte
266 2061 293 2124 is
315 2059 442 2144 integer
463 2060 533 2139 fuit,
557 2068 593 2122 ut
614 2061 775 2123 universis
803 2058 890 2124 solus
913 2082 1118 2147 nequaquam
1142 2083 1212 2146 par,
1239 2065 1288 2128 sic

160 2145 317 2210 adversus
340 2145 483 2229 singulos
505 2146 608 2209 ferox.
632 2167 721 2230 ergo,
744 2155 780 2208 ut
799 2157 988 2230 segregaret
1002 2169 1146 2231 pugnam
1162 2168 1287 2231 eorum,

161 2232 302 2317 capessit
323 2230 444 2315 fugam,
474 2233 520 2294 ita
553 2240 642 2295 ratus
675 2242 853 2307 secuturos,
886 2241 922 2296 ut
955 2255 1118 2318 quemque
1148 2234 1288 2302 vulnere

125 2333 141 2382 a
160 2317 325 2383 adfectum
348 2340 467 2404 corpus
491 2319 621 2381 sineret.
644 2318 707 2380 iam
732 2317 930 2402 aliquantum
953 2320 1050 2403 spatii
1073 2341 1114 2384 ex
1138 2342 1176 2385 eo
1199 2320 1287 2406 loco,

158 2404 214 2467 ubi
236 2413 416 2489 pugnatum
440 2412 499 2485 est,
523 2403 703 2487 aufugerat,
736 2425 809 2466 cum
841 2404 1018 2489 respiciens
1046 2406 1137 2470 videt
1159 2410 1288 2492 magnis

124 2489 335 2555 aintervallis
359 2498 547 2576 sequentes,
572 2512 671 2553 unum
694 2488 781 2552 haud
804 2490 920 2574 procul
942 2490 983 2553 ab
1007 2513 1080 2556 sese
1102 2491 1228 2558 abesse.
1252 2496 1286 2560 in

158 2598 233 2640 eum
255 2598 372 2658 magno
401 2577 526 2662 impetu
556 2576 654 2639 rediit
686 2585 727 2655 et,
761 2576 836 2639 dum
860 2575 1008 2641 Albanus
1041 2580 1203 2643 exercitus
1237 2581 1287 2644 in·

158 2661 276 2726 clamat
299 2661 471 2742 Curiatios,
495 2662 542 2725 uti
565 2684 661 2746 opem
683 2660 789 2724 ferant
810 2661 910 2743 fratri,
934 2663 997 2725 iam
1014 2663 1171 2729 Horatius
1188 2687 1287 2731 caeso

157 2747 254 2812 hoste
275 2748 381 2813 victor
404 2747 581 2812 secundam
596 2768 738 2832 pugnam
754 2747 899 2833 petebat.
917 2757 994 2813 tunc
1011 2749 1162 2832 clamore,
1201 2752 1287 2816 ualis

158 2856 199 2897 ex
231 2834 394 2918 insperato
435 2832 613 2897 faventium
652 2831 744 2915 solet,
782 2833 918 2897 Romani
956 2835 1112 2899 adiuvant
1148 2773 1285 2902 militem

107 2939 140 2988 10
158 2941 266 2983 suum:
299 2928 332 2984 et
361 2918 417 2982 ille
449 2918 583 3002 defungi
628 2918 729 2983 roelio
752 2918 892 2983 festinat.
916 2921 1007 3005 prius
1029 2923 1151 3007 itaque,
1185 2945 1285 3009 quam

158 3004 250 3086 alter,
274 3005 329 3091 qni
351 3027 412 3069 nec
435 3003 551 3090 procul
583 2942 704 3082 eierat,
738 3014 836 3070 conse
862 3008 894 3070 ui
925 3017 1047 3092 posset,
1082 3018 1115 3071 et
1145 3008 1285 3074 alterum

108 3086 138 3160 ll
158 3090 338 3155 Curiatium
355 3090 501 3171 conficit;
521 3093 651 3177 iamque
668 3101 804 3177 aequato
821 3029 927 3155 llllarte
948 3091 1065 3177 singuli
1081 3107 1286 3180 supererant,

156 3178 216 3242 aed
237 3200 299 3242 nec
321 3200 380 3262 spe
402 3199 463 3241 nec
485 3177 610 3241 viribus
636 3199 742 3262 pares.
766 3176 902 3242 alterum
925 3178 1082 3243 intactum
1104 3179 1191 3245 ferro
1215 3204 1286 3247 cor-

157 3286 219 3348 pus
242 3271 275 3328 et
297 3264 460 3348 geminata
475 3263 611 3327 victoria
631 3263 774 3327 ferocem
791 3265 824 3327 in
841 3274 1005 3329 certamen
1021 3267 1153 3330 tertium
1169 3265 1286 3351 dabat;

157 3347 239 3414 alter
261 3349 383 3414 fessum
406 3349 551 3431 vulnere,
585 3349 710 3413 fessum
743 3372 838 3414 cursu
865 3351 997 3415 trahens
1021 3372 1140 3438 corpus
1163 3353 1284 3418 victus·

106 3458 139 3506 12
159 3457 221 3520 que
243 3435 380 3500 fratrum
403 3445 478 3499 ante
501 3457 536 3500 se
559 3444 666 3519 strage
690 3436 805 3500 victori
829 3435 968 3502 obicitur
990 3436 1086 3502 hosti.
1117 3460 1181 3504 nec
1202 3438 1284 3505 illud

180 3521 317 3585 roelium
349 3521 418 3587 fuit.
455 3520 620 3585 Romanus
655 3521 803 3586 exultans
838 3522 958 3604 „duos“
992 3524 1095 3609 inquit
1130 3524 1285 3607 „flauum

194 3606 308 3671 anibus
332 3607 423 3689 dedi3
455 3607 588 3671 tertium
621 3629 737 3671 causae
767 3606 846 3672 belli
879 3608 1024 3684 huiusce,
1056 3619 1092 3674 ut
1118 3609 1287 3678 Romanus

158 3691 286 3756 Albano
298 3693 446 3778 imperet,
463 3692 581 3758 dabo.“
599 3691 684 3757 male
699 3694 870 3758 sustinenti
885 3716 975 3758 arma
989 3695 1135 3779 gladium
1144 3719 1287 3783 superne

106 3803 139 3851 13
159 3777 269 3863 iugulo
293 3778 421 3860 defigit3
453 3779 612 3843 iacentem
637 3777 764 3865 spoliat.
787 3779 923 3843 Romani
955 3793 1089 3846 ovantes
1112 3803 1151 3847 ac
1171 3793 1285 3868 gratu·
1351 3836 1355 3841 -

44 3939 47 3942 Ι
142 3861 256 3926 lantes
268 3863 449 3929 Horatium
465 3867 631 3952 accipiunt
648 3887 685 3930 eo
701 3866 825 3931 maiore
840 3888 914 3930 cum
929 3867 1058 3949 gaudio,
1075 3867 1162 3953 quod
1177 3890 1286 3958 prope
