2738 4146
126 107 166 171 28
349 129 458 178 ninus
476 131 496 178 1.
525 129 603 179 can·
620 132 660 180 ao.
680 132 721 179 31.
741 132 782 178 aa
807 129 840 196 [a.
861 129 893 180 u.
913 146 934 179 s.
955 131 1083 196 se-nq

127 318 160 367 10
178 322 283 384 nuper
305 299 479 386 plurimum
501 299 646 363 Romana
668 301 755 364 acles
777 299 889 363 valuit.
919 299 960 364 ab
985 297 1148 385 equitibus
1171 308 1309 383 repente

177 387 313 449 invectis
337 385 457 449 turbati
482 386 611 450 ordines
635 396 710 450 sunt
732 385 941 467 Sabinorum3
970 407 1032 449 nec
1053 407 1165 470 pugna
1189 385 1309 450 deinde

178 471 240 535 illis
265 484 414 536 constare
437 493 498 536 nec
519 471 597 554 fuga
620 471 776 557 explicari
800 473 868 535 sine
892 493 1009 555 magna
1033 473 1133 535 caede
1155 473 1272 557 potuit.

120 617 122 620 ,
144 566 156 610 1
281 557 409 620 XXXI.
427 558 574 621 Devictis
597 557 724 622 Sabinis
748 579 822 621 cum
844 559 878 621 in
900 579 1018 641 magna
1040 555 1144 641 gloria
1167 558 1306 640 magnis·

178 666 242 729 que
265 643 381 729 opibus
404 666 541 727 regnum
557 643 643 707 Tulli
666 667 705 707 ac
726 653 795 708 tota
816 666 869 708 res
890 643 1035 707 Romana
1058 654 1154 723 essct,
1178 647 1306 707 nuntia·

177 739 245 793 tum
278 732 347 814 regi
380 729 594 815 patribusque
627 739 677 795 est
707 730 738 792 in
763 739 871 794 monte
893 729 1023 793 Albano
1046 728 1211 813 lapidibus
1234 729 1306 815 plu·

144 817 273 880 trisse.
299 816 386 900 quod
410 837 485 879 cum
509 817 598 880 credi
629 819 686 879 vix
717 825 838 900 posset,
873 816 979 878 missis
1011 815 1053 878 ad
1076 815 1110 877 id
1136 817 1306 879 visendum

178 901 372 987 prodiqum,
404 903 436 965 in
461 911 637 986 conspectu
661 903 747 965 haud
771 901 874 984 aliter,
900 924 1002 986 quamq
1018 924 1090 965 cum
1113 903 1306 984 grandinem

177 988 266 1051 venti
288 986 501 1072 glomeratam
524 989 556 1050 in
578 997 683 1051 terras
706 998 814 1071 agunt,
844 987 949 1051 crebri
973 987 1122 1052 cecidere
1147 986 1237 1051 caelo
1260 987 1305 1052 la-

144 1073 280 1158 epides.
303 1075 365 1139 visi
388 1077 483 1149 etiam
501 1073 614 1138 audire
636 1096 750 1138 vocem
774 1076 936 1158 ingentem
960 1097 1000 1137 ex
1025 1074 1142 1137 summi
1165 1075 1306 1137 cacumi-

176 1160 225 1223 nis
247 1159 332 1239 luco,
363 1169 399 1223 ut
421 1160 526 1244 patrio
555 1161 619 1223 ritu
642 1182 735 1223 sacra
768 1158 889 1223 Albani
912 1160 1066 1242 facerent,
1099 1180 1183 1243 quae
1214 1159 1307 1224 velut

178 1245 238 1309 diis
263 1268 392 1330 quoque
416 1244 513 1310 simul
536 1267 607 1309 eum
624 1247 730 1330 patria
751 1246 872 1310 relictis
898 1245 1053 1310 oblivioni
1077 1244 1247 1325 dederant,
1274 1255 1307 1311 et

177 1341 232 1395 aut
254 1331 400 1395 Romana
431 1353 524 1395 sacra
548 1341 759 1417 susceperant
780 1342 836 1395 aut
857 1331 1017 1411 fortunae,
1051 1341 1087 1395 ut
1109 1331 1154 1412 fit,
1189 1332 1305 1396 obirati

142 1431 158 1478 4
178 1418 299 1480 cultum
323 1418 523 1501 reliquerant
540 1418 647 1481 deum.
672 1418 825 1482 Romanis
842 1429 973 1503 quoque
997 1417 1171 1482 abeodem
1196 1419 1304 1504 prodi-

176 1505 229 1585 gio
251 1502 445 1568 novendiale
461 1525 588 1566 sacrum
603 1503 733 1590 publice
757 1513 944 1589 susceptum
968 1513 1027 1586 est,
1052 1526 1110 1568 seu
1129 1527 1210 1568 voce
1235 1527 1305 1568 cae-

176 1590 248 1653 lesti
277 1612 318 1653 ex
342 1589 470 1652 Albano
503 1599 612 1653 monte
644 1591 803 1654 missa-
828 1612 903 1653 nam
936 1590 971 1653 id
1006 1611 1133 1675 quoque
1166 1590 1306 1655 traditur

176 1712 219 1724 —
241 1697 299 1739 seu
314 1676 522 1760 haruspicum
538 1676 675 1756 monitu3
699 1677 817 1740 mansit
840 1685 929 1740 certe
945 1674 1111 1757 sollemne,
1135 1685 1180 1758 ut,
1205 1697 1305 1761 quan·

177 1762 286 1846 doque
308 1762 395 1826 idem
428 1763 614 1847 prodigium
638 1763 851 1844 nuntiaretur,
881 1762 983 1826 feriae
1011 1784 1070 1847 per
1092 1783 1210 1825 novem
1234 1763 1305 1827 dies

177 1857 359 1931 agerentur.
1227 1855 1230 1860 “

110 1986 115 1994 ,
143 1949 158 1996 a
281 1933 379 1996 Haud
397 1934 448 1996 'ita
477 1931 578 1997 multo
603 1944 677 2018 post
699 1931 887 2017 pestilentia
916 1932 1101 1997 laboratum
1125 1944 1183 1999 est.
1215 1933 1304 1997 unde

178 2041 250 2083 cum
273 2020 403 2105 pigritia
424 2017 583 2082 militandi
599 2028 756 2100 oreretur,
779 2017 868 2084 nulla
891 2019 1065 2084 tamenab
1090 2021 1187 2083 armis
1211 2020 1305 2106 quies

178 2105 316 2169 dabatur
339 2127 359 2168 a
380 2104 536 2169 bellicoso
559 2127 647 2189 rege,
672 2105 853 2170 salubriora
869 2106 966 2170 etiam
989 2106 1143 2171 credente
1166 2105 1302 2169 militiae

177 2213 275 2277 quam
299 2192 386 2254 domi
409 2192 563 2255 iuvenum
587 2214 726 2276 corpora
748 2214 829 2273 esse,
859 2193 964 2256 donec
986 2193 1056 2279 ipse
1081 2213 1211 2278 quoque
1235 2191 1304 2257 lon·

143 2304 160 2351 6*
177 2279 299 2363 ginquo
322 2277 437 2341 morbo
468 2287 518 2342 est
546 2277 721 2363 inplicitus.
754 2288 830 2342 tunc
862 2279 946 2343 adeo
977 2277 1071 2342 fracti
1104 2277 1199 2342 simul
1231 2301 1303 2343 cum

177 2386 316 2450 corpore
348 2373 421 2428 sunt
452 2364 586 2450 spiritus
618 2363 832 2446 illiseroces,
855 2373 900 2441 ut,
935 2365 990 2450 qui
1016 2364 1095 2428 nihil
1118 2374 1193 2430 ante
1215 2374 1305 2429 ratus

177 2460 263 2514 esset
285 2450 390 2514 minus
420 2453 545 2533 regium
578 2473 674 2536 quam
706 2452 806 2515 sacris
839 2451 960 2514 dedere
984 2453 1136 2528 animum,
1168 2460 1306 2535 repente

178 2535 327 2600 omnibus
363 2539 489 2620 magnis
521 2538 697 2622 parvisque
730 2537 1014 2622 superstitionibus
1052 2537 1213 2601 obnoxius
1246 2537 1303 2600 de·

176 2632 287 2704 geret.
304 2621 580 2707 religionibusque
608 2625 705 2686 etiam
734 2622 891 2708 populum
916 2622 1064 2709 inpleret.
1104 2622 1202 2707 vulgo
1239 2624 1310 2703 iam,

143 2708 324 2783 rhomines
350 2730 422 2771 eum
447 2718 565 2771 statum
586 2731 705 2788 rerum,
731 2710 786 2794 qui
809 2709 868 2772 sub
884 2708 993 2772 Numa
1013 2731 1092 2792 rege
1114 2710 1230 2792 suerat,
1253 2730 1304 2772 re·

178 2796 352 2879 quirenteS,
375 2816 471 2857 unam
499 2816 594 2879 opem
626 2796 732 2877 aegris
765 2795 955 2879 corporibus
987 2796 1145 2877 relictam,
1178 2798 1205 2860 si
1238 2817 1305 2879 pax

142 2881 337 2964 greniaque
369 2880 409 2942 ab
434 2881 494 2944 diis
517 2882 693 2965 impetrata
715 2891 810 2962 esset,
843 2880 1030 2946 credebant.
1063 2883 1167 2965 ipsum
1192 2904 1305 2965 regem

177 2965 311 3039 tradunt
332 2965 519 3029 volventem
544 2968 795 3030 commentarios
819 2967 953 3045 Numae,
979 2991 1051 3031 cum
1073 2968 1119 3032 ibi
1142 2969 1305 3052 quaedam

176 3051 304 3116 occulta
326 3050 495 3115 sollemnia
510 3051 669 3115 sacrificia
690 3053 760 3115 Iovi
784 3053 888 3116 Elicio
911 3052 996 3117 facta
1017 3055 1203 3136 invenisset,
1227 3075 1304 3139 ope·

175 3147 280 3201 ratum
303 3138 342 3201 iis
365 3139 464 3201 sacris
489 3161 523 3201 se
540 3137 720 3219 abdidisse3
745 3140 801 3202 sed
825 3161 890 3202 non
913 3141 974 3204 rite
997 3141 1109 3203 initum
1133 3150 1189 3204 aut
1211 3161 1304 3205 cura-

175 3235 243 3288 tum
266 3224 299 3286 id
324 3245 451 3286 sacrum
476 3246 558 3302 esse,
592 3246 653 3288 nee
676 3224 778 3287 solum
807 3224 928 3288 nullam
962 3226 991 3289 ei
1023 3226 1164 3290 oblatam
1199 3225 1304 3290 caele·

176 3311 271 3373 stium
289 3310 441 3394 speciem,
465 3310 522 3373 sed
539 3311 587 3373 ira
602 3311 689 3374 Iovis
706 3309 866 3374 sollicitati
881 3334 984 3394 prava
998 3311 1155 3406 religione
1170 3311 1305 3377 fulmine

176 3398 275 3459 ictum
309 3417 381 3458 cum
416 3395 512 3459 domo
537 3396 765 3480 conflagrasse.
802 3396 916 3461 Tullus
947 3421 1065 3482 magna
1096 3397 1199 3482 gloria
1226 3397 1306 3463 belli

175 3483 324 3565 regnavit
347 3503 446 3545 annos
471 3481 553 3545 duos
577 3494 609 3546 et
632 3484 772 3566 triginta.

108 3602 136 3650 p,
143 3583 156 3630 1
279 3566 424 3630 XXXII.
447 3567 578 3633 Mortuo
601 3568 696 3632 'Iullo
719 3591 780 3645 res,
813 3579 849 3632 ut
871 3569 1051 3632 institutum
1074 3570 1138 3634 iam
1160 3571 1238 3636 inde
1261 3571 1304 3637 ab

176 3654 265 3716 initio
291 3662 370 3732 erat,
405 3652 446 3716 ad
471 3663 581 3739 patres
613 3655 765 3736 redierat,
800 3655 897 3739 hique
929 3657 1125 3739 interregem
1158 3659 1304 3723 nomina·

177 3749 300 3803 verant.
326 3760 389 3825 quo
405 3741 535 3804 comitia
549 3740 692 3804 habente
709 3741 836 3804 Ancum
852 3741 1011 3804 Marcium
1033 3764 1144 3826 regem
1161 3742 1306 3830 populus

178 3827 312 3904 creavit;
362 3834 474 3910 patres
514 3826 605 3890 fuere
646 3835 807 3890 auctores.
860 3826 986 3890 Numae
1027 3827 1168 3916 Pompili
1217 3831 1305 3916 regis
