2738 4146
326 144 434 193 nisan
451 145 486 195 11.
506 144 580 194 cnr.
600 147 640 194 33.
660 147 700 194 34.
720 143 755 213 [a.
774 143 808 195 u.
826 159 849 195 a.
867 143 1023 212 seo-req.
1230 128 1267 186 81

89 315 164 378 sine
186 313 252 379 ullo
268 324 358 379 metu
382 318 583 379 extrinsecus
606 317 802 380 imminentis
822 315 901 380 belli
916 314 1056 381 Volscae
1079 314 1223 396 legiones

89 401 260 486 profectae
277 401 317 464 ab
334 401 433 465 Antio
450 403 654 482 invasissent,
680 402 862 488 eodemque
878 413 1026 487 tempore
1043 423 1085 464 ex
1101 399 1222 485 oppido

91 487 280 572 erupissent
310 487 431 562 hostes,
464 487 548 552 forte
579 489 611 550 in
647 491 784 553 statione
815 489 958 552 Marcius
989 488 1058 550 fuit.
1091 489 1117 550 is
1150 502 1259 550 cumt

91 572 224 638 delecta
256 572 390 636 militum
425 597 521 636 manu
553 597 616 636 non
655 575 750 638 modo
789 575 945 661 impetum
985 574 1223 658 erumpentium

92 658 227 739 retudit,
260 661 316 724 sed
342 682 401 745 per
433 669 597 743 patentem
621 673 747 745 portam
781 661 874 726 ferox
906 661 1026 745 inrupit
1059 660 1224 742 caedeque

93 749 127 808 in
149 747 299 831 proximo
316 747 405 809 urbis
428 745 514 810 facta
529 748 637 829 ignem
653 756 776 811 temere
793 758 958 832 arreptum
982 745 1223 809 imminentibus

92 854 188 895 muro
228 831 383 895 aedificiis
414 833 533 896 iniecit.
572 832 694 896 clamor
724 833 800 896 inde
832 834 1070 918 oppidanorum
1104 831 1260 895 mixtus8

93 917 249 981 muliebri
271 917 454 1003 puerilique
486 916 616 1003 ploratu
638 918 680 982 ad
705 929 873 998 terrorem,
908 929 943 982 ut
966 917 1057 992 solet,
1082 918 1224 1004 primum

95 1013 170 1070 orto
196 1013 228 1068 et
250 1003 405 1067 Romanis
433 1006 526 1067 auxit
548 1006 689 1068 animum
713 1015 746 1070 et
773 1005 918 1069 turbavit
939 1004 1086 1085 Volscos,
1110 1011 1224 1087 utpote

95 1099 194 1175 capta
218 1089 310 1170 urbe,
335 1091 388 1153 cui
403 1091 446 1154 ad
467 1090 635 1153 ferendam
653 1112 749 1176 opem
771 1100 939 1155 venerant.
964 1092 1010 1154 ita
1031 1089 1095 1154 fusi
1110 1087 1224 1154 Volsci
1245 1106 1260 1155 9

94 1177 255 1254 Antiates,
289 1174 411 1241 Corioli
442 1177 601 1261 oppidum
629 1188 776 1262 captum3
813 1187 1004 1261 tantumque
1036 1198 1095 1239 sua
1126 1174 1224 1238 laude

61 1271 63 1273 ’
96 1261 224 1326 obstitit
246 1261 352 1326 famae
375 1261 517 1326 consulis
540 1263 695 1336 Marcius,
719 1274 764 1345 ut,
786 1264 849 1326 nisi
871 1263 987 1327 foedus
1011 1284 1084 1326 cum
1100 1261 1224 1324 Latinis

94 1349 129 1412 in
167 1347 317 1411 columna
348 1370 450 1412 aenea
486 1347 684 1433 insculptum
716 1359 924 1414 monumento
958 1358 1053 1427 esset,
1092 1346 1132 1411 ab
1166 1345 1221 1431 Sp.

96 1433 212 1500 Cassio
235 1457 309 1516 uno,
343 1435 419 1520 quia
442 1434 577 1518 conlega
600 1435 735 1515 aluerat,
769 1436 878 1513 ictum,
901 1436 1094 1499 Postumum
1117 1431 1223 1498 Comi-

95 1521 187 1584 nium
209 1519 331 1583 bellum
356 1521 496 1604 gessisse
520 1542 593 1583 cum
616 1519 743 1584 Volscis
767 1522 923 1585 memoria
946 1520 1104 1586 cessisset.

200 1605 328 1670 Eodem
353 1628 435 1670 anno
451 1607 602 1692 Agrippa
623 1606 793 1671 Menenius
815 1607 962 1688 moritur,
986 1607 1036 1670 vir
1061 1606 1148 1670 omni
1179 1606 1212 1668 in
1242 1624 1276 1671 10

98 1692 168 1757 vita
183 1694 308 1776 pariter
330 1692 477 1775 patribus
492 1714 531 1754 ac
554 1691 645 1777 plebi
661 1715 766 1773 carus,
789 1702 864 1777 post
879 1694 1095 1757 secessionem
1118 1691 1224 1755 carior

121 1777 188 1842 lebi
210 1777 324 1841 factus.
362 1779 436 1841 buic
458 1779 628 1862 interpreti
661 1778 852 1862 arbitroque
875 1778 1068 1843 concordiae
1092 1777 1270 1859 civium,11

95 1803 206 1948 legato
239 1876 368 1950 patrum
402 1864 444 1926 ad
474 1863 616 1949 plebem,
648 1865 815 1928 reductori
847 1863 952 1950 plebis
988 1864 1154 1928 Romanae
1191 1863 1224 1926 in

98 1950 217 2015 urbem
241 1959 388 2033 sumptus
404 1951 509 2012 funeri
534 1950 649 2031 defuit,
674 1949 791 2014 extulit
806 1972 881 2014 eum
904 1950 998 2035 plebs
1022 1948 1224 2014 sextantibus

96 2035 233 2101 conlatis
256 2037 289 2097 in
313 2037 427 2118 capita.
654 2053 656 2056 ’

201 2121 361 2184 XXXIV.
401 2120 559 2186 Consules
597 2122 715 2185 deinde
737 2120 775 2184 Τ.
811 2119 977 2203 Geganius
1004 2121 1040 2184 P.
1064 2121 1259 2184 Minuciusl

97 2207 186 2271 facti.
211 2230 250 2271 eo
273 2229 367 2282 anno,
392 2230 467 2271 cum
490 2217 523 2270 et
544 2208 623 2272 loris
642 2208 753 2292 quieta
778 2208 885 2271 omnia
908 2231 927 2270 a
951 2206 1037 2272 bello
1063 2214 1172 2271 essent
1194 2215 1227 2269 et

99 2293 188 2357 domi
211 2304 323 2357 sanata
338 2293 510 2374 discordia,
535 2292 624 2357 aliud
646 2292 746 2356 multo
770 2294 902 2376 gravius
917 2291 1037 2357 malum
1060 2294 1224 2357 civitatem
1247 2301 1262 2346 2

96 2379 226 2461 invasit,
251 2380 367 2443 caritas
383 2380 524 2464 primum
540 2401 686 2442 annonae
709 2402 752 2442 ex
775 2377 903 2442 incultis
925 2401 985 2463 per
1008 2379 1224 2443 secessionem

97 2464 205 2552 plebis
228 2467 325 2548 agris,
348 2465 451 2528 fames
475 2465 602 2544 deinde,
636 2462 740 2551 qualis
763 2463 880 2528 clausis
903 2462 995 2529 solet.
1026 2474 1224 2548 ventumque
1246 2473 1261 2520 3

98 2552 139 2614 ad
163 2552 332 2614 interitum
355 2552 561 2615 servitiorum
582 2552 694 2636 utique
718 2559 750 2613 et
773 2549 878 2636 plebis
901 2559 996 2632 esset,
1019 2551 1053 2613 ni
1076 2548 1225 2613 consules

96 2637 317 2722 providissent
341 2637 480 2700 dimissis
504 2638 625 2721 passim
648 2637 688 2699 ad
704 2635 901 2700 frumentum
925 2636 1138 2700 coemendum
1161 2657 1226 2699 non

96 2724 130 2787 in
151 2722 318 2787 Etruriam
340 2724 438 2786 modo
473 2723 596 2787 dextris
628 2723 669 2785 ab
694 2720 787 2787 Ostia
817 2721 964 2786 litoribus
986 2721 1145 2806 laevoque
1168 2744 1228 2806 per

96 2808 238 2872 Volscos
260 2810 342 2872 mari
364 2831 469 2892 usque
497 2809 537 2871 ad
561 2808 690 2885 Cumas,
724 2809 782 2871 scd
806 2809 988 2894 quaesitum
1019 2810 1052 2872 in
1084 2807 1227 2873 Siciliam

98 2916 162 2981 quo
188 2912 246 2973 ue;
271 2895 353 2958 adeo
375 2894 584 2958 finitimorum
601 2895 677 2958 odia
691 2893 875 2979 longinquis
891 2903 1066 2977 coegerant
1081 2895 1226 2978 indigere

61 3058 63 3062 μ
97 2918 237 3046 auxrliis.
261 2980 461 3045 frumentum
484 2979 594 3044 Cumis
619 3003 692 3044 cum
715 2990 899 3064 coemptum
923 2989 1018 3064 esset,
1042 3002 1141 3044 naves
1165 3000 1225 3065 pro
1244 2994 1261 3041 4

96 3066 192 3132 bonis
208 3065 460 3152 Tarquiniorum
482 3065 524 3129 ab
539 3065 751 3130 Aristodemo
774 3076 924 3150 tyranno,
948 3068 1003 3150 qui
1026 3065 1123 3130 heres
1146 3075 1225 3148 erat,

96 3162 244 3218 retentae
267 3162 354 3232 sunt3
386 3154 418 3216 in
443 3151 568 3215 Volscis
591 3151 833 3236 Pomptinoque
864 3174 905 3214 ne
929 3153 992 3215 emi
1016 3152 1148 3237 quidem
1169 3172 1225 3236 po·

96 3241 171 3318 tuit3
193 3237 374 3324 periculum
397 3259 528 3323 quoque
551 3237 592 3300 ab
614 3239 740 3322 impetu
762 3236 928 3302 hominum
950 3237 1029 3322 ipsis
1051 3238 1225 3301 frumenta-

96 3324 223 3389 toribus
244 3324 318 3406 fuit3
343 3346 385 3388 ex
396 3323 510 3388 Tuscis
525 3323 721 3387 frumentum
737 3322 849 3387 Tiberi
863 3325 966 3402 venit;
992 3345 1029 3386 eo
1046 3331 1226 3386 sustentata
1244 3340 1259 3386 o

97 3421 146 3476 est
168 3409 274 3496 plebs.
297 3410 502 3475 incommodo
519 3407 606 3473 bello
629 3410 662 3472 in
686 3419 752 3473 tam
768 3409 845 3472 artis
866 3408 1100 3473 commeatibus
1116 3409 1226 3471 vexati

95 3497 212 3580 forent,
244 3497 278 3559 ni
308 3494 446 3560 Volscos
474 3496 539 3559 iam
570 3506 740 3558 moventes
775 3517 865 3558 arma
896 3494 1080 3579 pestilentia
1112 3496 1225 3577 ingens

95 3584 278 3648 invasisset.
302 3602 342 3644 ea
364 3581 457 3646 clade
473 3583 653 3646 conterritis
676 3579 818 3644 hostium
840 3582 964 3661 animis,
987 3592 1023 3643 ut
1040 3583 1146 3663 etiam,
1170 3579 1226 3644 ubi
1246 3599 1261 3645 6

97 3691 136 3734 ea
156 3669 345 3750 remisisset,
368 3676 496 3732 terrore
519 3666 627 3752 aliquo
662 3676 858 3748 tenerentur,
892 3676 924 3729 et
948 3666 1079 3729 Velitris
1104 3688 1232 3727 auxere

95 3776 267 3820 numerum
289 3752 478 3819 colonorum
509 3753 647 3818 Romani
670 3762 703 3817 et
725 3751 878 3818 Norbam
904 3753 944 3816 iu
962 3764 1102 3815 memes
1120 3763 1258 3808 usuam

95 3840 268 3924 coloniam,
291 3861 374 3925 quae
394 3861 456 3931 arur
475 3839 510 3905 in
532 3839 713 3930 Pomptino
740 3851 843 3929 esset,
864 3841 1052 3906 miserunt.
1229 3916 1253 3959 ἦ

135 3942 157 3976 2'.
164 3940 208 3976 ur.
218 3940 245 3974 Π.
