2738 4146
115 113 155 169 34
317 122 427 171 LIBER
445 123 467 172 1.
487 120 562 172 CAP.
580 124 622 171 36.
641 122 683 171 37.
701 122 742 170 38.
763 119 794 186 [a.
816 119 847 171 U.
866 136 888 171 o.
909 118 1065 186 138-1'161.

121 314 137 360 8
157 303 192 357 ut
202 293 289 359 mille
301 302 334 359 et
343 293 520 376 octingenti
531 292 657 377 equites
672 291 704 353 in
714 290 817 354 tribus
828 290 980 354 centuriis
996 298 1105 354 essent
1119 324 1164 337 —
1178 298 1296 375 poste·

157 381 260 444 riores
283 378 380 443 modo
405 378 464 442 sub
481 377 596 440 iisdem
613 375 806 458 ncmiuibus,
826 376 882 461 qui
898 375 1000 439 additi
1013 384 1114 457 erant,
1131 375 1296 461 appellati

158 474 232 529 sunt
248 500 297 544 —,
317 486 397 550 quas
412 485 507 544 nuno,
524 466 600 549 quia
615 463 797 547 geminatae
813 471 896 543 sunt,
908 483 968 525 sex
983 472 1102 525 vocant
1117 462 1294 528 centurias.

65 591 99 638 -t
123 573 135 618 1
259 548 437 614 XXXVII.
461 549 533 612 Hac
554 562 647 634 parte
670 551 838 632 copiarum
866 557 961 610 aucta
982 547 1101 611 iterum
1124 568 1201 611 oum
1234 547 1295 613 Sa·

157 637 242 702 binis
274 635 466 720 confligitur.
505 634 563 698 sed
588 644 817 720 praeterquam
850 634 936 719 quod
975 632 1099 697 viribus
1137 647 1293 699 creverat

156 723 321 787 Romanus
346 721 519 802 exercitus,
553 743 595 785 ex
617 718 745 785 occulto
775 722 870 784 ctiam
895 719 1027 783 additur
1051 717 1145 783 dolus
1170 721 1292 802 missis,

182 811 214 872 ui
236 830 386 893 magnam
408 808 475 872 vim
498 805 669 890 lignorum,
699 808 731 869 in
763 806 897 870 Anienis
929 807 1001 891 ripa
1033 805 1205 888 iacentem,
1240 827 1293 871 ar-

158 833 287 961 lentem
320 896 351 957 in
383 892 505 957 flumen
542 895 741 974 conicerent3
779 905 942 976 ventoque
979 893 1111 955 iuvante
1148 913 1292 958 accensa

160 981 247 1064 ligna
270 991 303 1044 et
324 978 481 1065 pleraque
504 979 535 1041 in
559 979 681 1042 ratibus
703 980 835 1063 inpacta
858 976 990 1041 sublicis
1014 998 1088 1040 cum
1104 978 1291 1062 haererent,

122 1087 137 1131 n
158 1077 288 1153 pontem
311 1066 497 1129 incendunt.
521 1086 560 1127 ea
582 1086 712 1151 quoque
734 1087 787 1127 res
810 1066 842 1126 in
864 1085 975 1149 pugna
997 1073 1156 1126 terrorem
1180 1063 1293 1130 attulit

158 1153 285 1217 Sabinis
309 1163 341 1216 et
363 1151 442 1215 fusis
467 1150 580 1212 eadem
603 1150 712 1233 fugam
744 1151 907 1234 impediit,
939 1148 1098 1234 multique
1121 1150 1290 1236 mortales,

158 1261 231 1302 cum
253 1238 382 1321 hostem
406 1236 602 1319 effugissent,
635 1237 667 1299 in
699 1235 829 1300 flumine
862 1238 933 1322 ipso
966 1237 1108 1320 periere;
1147 1257 1291 1322 quorum

157 1325 315 1388 fluitantia
345 1344 437 1385 arma
468 1322 509 1384 ad
542 1322 657 1386 urbem
689 1324 819 1405 cognita
852 1323 884 1384 in
907 1321 1019 1386 Tiberi
1051 1321 1140 1406 prius
1171 1344 1290 1408 paene,

123 1431 137 1477 3
158 1434 255 1497 quam
278 1409 418 1473 nuntiari
441 1417 561 1492 posset,
586 1409 742 1492 insignem
768 1410 935 1471 victoriam
958 1410 1074 1472 iecere.
1101 1429 1139 1471 eo
1160 1408 1289 1493 proelio

159 1499 335 1582 praecipua
358 1495 501 1577 equitum
527 1494 629 1575 gloria
652 1495 723 1557 fuit:
747 1495 909 1580 utrimque
925 1493 966 1558 ab
983 1492 1135 1558 cornibus
1152 1495 1289 1577 positos,

158 1606 230 1647 cum
255 1584 318 1645 iam
341 1579 521 1665 pelleretur
552 1581 658 1643 media
689 1579 836 1665 peditum
869 1602 1000 1644 suorum
1032 1580 1129 1661 acies,
1162 1580 1209 1644 ita
1240 1583 1289 1646 in·

158 1669 299 1732 currisse
323 1666 363 1730 ab
388 1665 543 1729 lateribus
566 1665 683 1748 ferunt,
706 1676 827 1730 utnon
852 1668 1003 1731 sisterent
1024 1665 1122 1730 modo
1147 1665 1289 1733 Sabinas

156 1755 303 1837 legiones
326 1753 477 1817 ferociter
499 1753 656 1815 instantes
680 1751 880 1834 cedentibus,
905 1752 964 1816 sed
987 1751 1094 1816 subito
1117 1753 1150 1815 in
1173 1754 1288 1837 sugam

122 1848 143 1926 ξ
157 1849 352 1904 averterent.
386 1846 512 1900 montes
545 1837 646 1902 effuso
671 1860 767 1902 cursu
791 1837 901 1902 Sabini
924 1838 1089 1923 petebant,
1125 1847 1158 1901 et
1188 1842 1288 1924 pauci

159 1938 306 2007 tenuere3
337 1925 478 1987 maxima
502 1945 587 2008 pars,
612 1935 646 1987 ut
667 1934 742 1988 ante
765 1924 886 1987 dictum
909 1934 968 2005 est,
1001 1925 1042 1988 ab
1066 1923 1230 2010 equitibus
1254 1928 1289 1992 in

122 2011 276 2075 alumen
310 2010 373 2073 acti
405 2019 488 2072 sunt.
525 2009 720 2095 Tarquinius
753 2010 938 2073 instandum
970 2011 1149 2096 perterritis
1182 2021 1287 2094 ratus,

157 2098 279 2182 praeda
312 2096 512 2181 captivisque
545 2095 680 2159 Romam
711 2097 826 2178 missis,
860 2095 969 2180 spoliis
1001 2097 1143 2161 hostIum
1174 2133 1217 2143 -
1250 2100 1285 2163 id

157 2193 269 2247 votum
292 2181 439 2245 Vulcano
464 2190 533 2243 erat
554 2182 733 2265 ——ingenti
750 2181 877 2246 cumulo
893 2185 1048 2264 accensis,
1064 2184 1171 2267 pergit
1185 2205 1287 2268 porro

121 2280 135 2326 a
159 2270 189 2332 in
212 2291 326 2352 agrum
350 2266 505 2330 Sabinum
529 2270 709 2331 exercitum
732 2269 899 2351 inducere;
924 2279 956 2332 et
979 2291 1176 2356 quamquam
1200 2270 1287 2336 male

158 2365 325 2438 gestares
349 2363 418 2417 erat
439 2375 499 2416 nec
521 2363 670 2437 gesturos
695 2353 806 2417 melius
830 2377 963 2439 sperare
979 2344 1140 2441 potdrant,
1163 2365 1286 2441 tamen,

157 2442 233 2527 quia
255 2438 447 2504 consulendi
470 2461 523 2502 res
546 2462 610 2503 non
634 2440 733 2504 dabat
757 2442 906 2525 spatium,
931 2443 998 2506 iere
1023 2441 1154 2506 obviam
1171 2441 1285 2508 sabini

157 2525 364 2590 tumultuario
393 2523 492 2589 milite
522 2527 705 2613 iterumque
736 2525 781 2589 ibi
813 2527 876 2591 fusi
908 2528 1044 2612 perditis
1077 2529 1140 2590 iam
1177 2550 1284 2615 prope

157 2612 254 2677 rebus
277 2634 392 2694 pacem
414 2613 548 2695 petiere.

120 2714 132 2759 1
260 2696 451 2760 XXXVIII.
463 2695 600 2760 Collatia
616 2706 649 2760 et
665 2697 823 2784 quidquid
838 2699 919 2762 eitra
930 2696 1099 2762 Collatiam
1117 2702 1187 2785 agri
1200 2710 1283 2784 erat,
1343 2694 1346 2699 ’

157 2782 286 2848 Sabinis
310 2783 514 2864 ademptum;
551 2782 690 2865 Egerius
712 2783 885 2848 -fratris
914 2783 965 2848 hio
990 2783 1076 2848 filius
1105 2797 1174 2850 erat
1195 2788 1285 2870 regis

158 2905 200 2916 —
224 2868 382 2933 Collatiae
405 2869 437 2930 in
461 2869 624 2952 praesidio
647 2868 787 2933 relictus.
821 2870 1014 2957 deditosque
1038 2869 1215 2936 Collatinos
1239 2874 1287 2938 ita

118 2971 134 3018 2
157 2956 279 3040 accipio
304 2976 440 3040 eamque
464 2954 636 3017 deditionis
658 2955 830 3020 formulam
854 2978 939 3021 esse:
972 2979 1033 3022 rex
1054 2960 1284 3043 interrogavit:

159 3043 297 3123 „estisne
320 3062 379 3104 vos
402 3038 500 3122 legati
524 3051 734 3127 oratoresque
757 3043 847 3106 missi
870 3065 890 3105 a
912 3043 1034 3129 populo
1051 3041 1232 3123 Conlatino,
1248 3055 1287 3112 ut

156 3150 215 3190 vos
252 3124 475 3213 populumque
513 3124 719 3191 Conlatinum
758 3127 963 3193 dederetis?“
1003 3151 1124 3196 sumus.
1171 3142 1286 3215 „estne

154 3211 294 3298 populus
319 3211 508 3276 Conlatinus
531 3213 562 3275 in
588 3236 646 3277 sua
673 3213 876 3298 potestate?“
912 3225 970 3279 est.
1011 3215 1191 3301 „deditisne
1222 3240 1285 3284 vos

179 3298 377 3384 epulumque
411 3295 624 3370 Conlatinum,
657 3300 782 3381 urbem,
815 3322 921 3385 agros,
955 3324 1083 3388 aquam,
1115 3303 1283 3388 terminos,

154 3322 301 3464 delubra,
325 3383 485 3464 utensilia,
511 3385 620 3449 divina
644 3386 848 3472 humanaque
872 3389 978 3451 onmia
1000 3389 1032 3451 in
1054 3412 1161 3454 meam
1176 3412 1282 3478 popu·

118 3473 132 3517 3
152 3469 241 3554 lique
265 3470 400 3534 Romani
424 3469 625 3534 dicionern?“
653 3473 810 3536 dedimus.
845 3483 897 3558 ,at
920 3496 979 3557 ego
1003 3476 1155 3560 recipio.“
1194 3476 1283 3545 bello

118 3564 135 3607 4
154 3555 274 3620 Sabino
296 3555 444 3704 perfecto
467 3555 661 3642 Tarquinius
683 3557 886 3644 triumphans
913 3560 1047 3624 Romam
1070 3561 1165 3627 redit.
1203 3564 1282 3631 inde

100 3678 127 3728 ,4
153 3641 273 3706 Priscis
327 3643 420 3705 atinis
443 3641 563 3706 bellum
588 3644 672 3708 lecit.
710 3643 766 3708 ubi
788 3667 948 3730 nusquam
971 3646 1013 3709 ad
1036 3649 1209 3714 universae
1231 3653 1281 3717 rei

154 3727 392 3792 dimicationem
416 3739 547 3794 ventum
573 3739 635 3810 est;
664 3730 704 3793 ad
729 3730 855 3814 singula
878 3732 999 3817 oppida
1022 3734 1281 3804 circumferendo

155 3836 244 3876 arma
278 3836 371 3878 omne
395 3836 512 3879 nomen
544 3815 695 3879 Latinum
726 3816 859 3881 domuit.
899 3817 1114 3902 Corniculum,
1145 3821 1281 3890 Ficulea
