2738 4146
333 168 440 218 arnna
457 169 528 219 xxi.
547 170 621 220 cae.
641 174 680 221 14.
700 173 740 221 1o.
760 174 800 220 16.
820 169 855 238 [a.
872 170 905 222 u.
925 189 946 221 ο.
966 171 1035 239 ossa
1211 160 1270 218 119

93 347 237 403 ceterum
258 361 360 425 prope
390 341 609 404 necessarium
632 343 793 424 cognitum
826 343 895 428 ipso
929 352 1046 406 eventu
1074 352 1134 407 est:
1168 345 1257 408 cuit

94 424 180 487 enim
200 424 290 510 parci
312 426 416 510 potuit
439 447 481 488 ex
502 427 551 508 iis,
580 427 634 511 qui
657 435 712 490 aut
733 424 848 491 inclusi
872 449 946 491 oum
968 427 1158 510 coniugibus
1181 451 1219 492 ac

92 507 204 573 liberis
243 509 355 573 domos
386 531 484 596 super
515 533 550 575 se
580 513 667 597 ipsos
701 522 990 576 concremaverunt
1021 523 1075 578 ant
1106 515 1219 577 armati

92 594 216 659 nullum
240 603 312 658 ante
335 594 432 658 finem
453 617 581 681 pugnae
604 618 701 682 quam
722 598 895 662 morientes
918 596 1086 661 fecerunt?

196 678 269 741 XV*
296 679 434 765 Captum
456 681 610 767 oppidum
633 690 682 746 est
703 705 776 746 cum
798 683 918 764 ingenti
945 684 1076 768 praeda.
1109 706 1217 769 quam·
1240 703 1253 750 1

94 786 191 849 quam
212 764 367 851 pleraque
394 764 435 828 ab
459 766 595 830 dominis
630 766 670 830 de
692 768 850 831 industria
880 779 1032 854 corrupta
1063 778 1162 851 erant,
1187 779 1219 833 et

93 851 126 912 in
149 849 303 914 caedibus
318 852 376 914 vix
397 849 499 915 ullum
516 852 686 916 discrimen
706 853 818 916 aetatis
833 854 882 916 ira
896 853 1027 931 fecerat,
1051 862 1083 917 et
1098 855 1215 941 captivi

93 940 135 998 mi
141 935 230 999 litum
244 935 368 1022 praeda
388 935 523 1019 firerant,
545 947 651 1000 tamen
668 946 700 1001 et
715 960 757 1001 ex
770 939 874 1023 pretio
890 961 999 1002 rerum
1014 938 1217 1004 venditarum
1239 957 1253 1000 a

95 1019 291 1105 aliquantum
306 1023 463 1167 pecuniae
481 1022 648 1086 redactum
671 1045 742 1087 esse
765 1032 890 1087 constat
920 1033 952 1086 et
981 1021 1114 1087 multam
1144 1046 1217 1111 pre·

94 1107 209 1169 tiosam
233 1128 312 1192 supe
326 1104 467 1171 lectilem
487 1117 676 1194 vestemque
698 1108 828 1172 missam
853 1107 1091 1191 Carthaginem.

199 1190 324 1256 Octavo
347 1214 467 1273 mense,
490 1215 587 1278 quarn
618 1203 768 1279 coeptum
791 1197 979 1280 oppugnari,
1011 1204 1139 1280 captum
1162 1192 1254 1258 Sao

94 1285 228 1357 guntum
265 1277 397 1362 quidam
434 1279 608 1364 seripsere3
653 1278 728 1340 inde
767 1277 995 1361 Carthaginem
1030 1301 1149 1344 novam
1185 1281 1218 1343 in

92 1360 231 1424 hiberna
245 1361 462 1426 Hannibalem
478 1364 689 1443 concessisse;
714 1365 823 1448 quinto
842 1363 958 1428 deinde
976 1385 1097 1447 mense,
1121 1386 1218 1450 quam

93 1445 134 1510 ab
159 1445 353 1530 Carthagine
376 1448 539 1534 profectus
562 1450 611 1528 sit,
643 1449 675 1510 in
697 1447 825 1512 Italiam
856 1451 1052 1548 pervenisse.
1086 1451 1253 1534 quaesit

93 1532 139 1595 ita
169 1542 251 1612 sunt,
283 1533 354 1595 fieri
384 1554 448 1598 non
469 1535 583 1620 potuit,
616 1543 652 1598 ut
672 1533 709 1596 P.
734 1532 904 1598 Cornelius
936 1534 984 1597 Ti.
1009 1533 1217 1621 Sempronius

93 1615 242 1682 consules
264 1617 390 1697 fuerint,
426 1619 467 1682 ad
499 1641 580 1705 quos
603 1628 635 1682 et
664 1619 822 1705 principio
847 1620 1092 1705 oppugnationis
1119 1618 1217 1702 legati

95 1700 264 1785 Saguntini
286 1704 375 1768 missi
391 1705 461 1778 sint,
479 1713 511 1767 et
533 1705 635 1791 quiin
651 1727 708 1768 suo
724 1705 912 1786 magistratu
935 1727 1008 1768 cum
1026 1704 1216 1786 Hannibale,

94 1787 238 1851 altered
261 1788 410 1853 Ticinum
433 1811 570 1869 amnem,
594 1788 688 1854 ambo
712 1789 872 1874 aliquanto
894 1800 969 1876 post
995 1789 1035 1852 ad
1064 1789 1218 1854 Trebiam

92 1875 315 1957 pugnaverint.
348 1883 403 1938 aut
430 1876 537 1939 omnia
568 1874 721 1939 breviora
751 1875 913 1960 aliquanto
943 1874 1044 1957 fuere,
1076 1884 1131 1938 aut
1162 1873 1253 1938 Sat

93 1960 415 2046 guntumprincipio
447 1961 530 2040 anni,
564 1983 626 2045 quo
658 1959 694 2022 P.
730 1957 899 2024 Cornelius
927 1960 975 2023 Ti.
1008 1958 1216 2046 Sempronius

94 2042 242 2109 consules
263 2044 402 2127 fuerunt,
434 2066 498 2109 non
522 2068 579 2110 coe
603 2055 671 2109 tum
694 2047 875 2132 oppugnari
906 2055 965 2126 est,
996 2045 1054 2109 sed
1078 2054 1215 2131 captum.

92 2150 168 2192 narn
190 2131 369 2194 excessisse
391 2151 501 2216 pugna
522 2131 563 2194 ad
581 2070 736 2194 Trebiam
757 2132 788 2192 in
812 2153 930 2195 annum
953 2128 1009 2194 Cn.
1034 2128 1163 2195 Servilii
1186 2139 1251 2194 eto

94 2211 130 2278 C.
145 2213 295 2278 Flaminii
317 2237 381 2280 non
395 2225 511 2326 potest,
528 2217 603 2301 quia
618 2214 653 2280 C.
669 2214 848 2280 Flaminius
864 2215 1001 2278 Arimini
1016 2214 1217 2280 consulatum

92 2299 171 2380 iniit,
195 2309 320 2364 oreatus
344 2301 426 2365 ali.
450 2301 639 2387 Sempronio
662 2299 803 2372 consule,
827 2302 892 2386 qui,
915 2310 990 2387 post
1010 2323 1152 2386 pugnam
1175 2301 1216 2363 ad

92 2384 245 2449 Trebiam
267 2385 309 2449 ad
325 2386 481 2451 creandos
497 2385 644 2450 consules
660 2386 795 2450 Romam
817 2409 891 2450 cum
904 2387 1055 2465 venisset,
1081 2386 1216 2450 comitiis

91 2471 243 2555 perfectis
267 2471 308 2534 ad
332 2473 511 2536 exercitum
532 2473 566 2533 in
589 2471 726 2534 hiberna
747 2471 851 2533 rediit.

195 2555 287 2618 XVI.
312 2555 379 2620 Sub
413 2557 500 2619 idem
531 2557 599 2620 fere
621 2566 748 2642 tempus
781 2564 813 2619 et
835 2554 941 2637 legati,
976 2556 1031 2640 qui
1053 2554 1248 2619 redierantl

93 2639 134 2703 ab
160 2638 362 2724 Carthagine,
394 2641 530 2706 Romam
551 2641 744 2705 rettulerunt
774 2641 882 2706 omnia
912 2639 1040 2704 hostilia
1071 2660 1151 2722 esse,
1185 2650 1217 2704 et

92 2724 226 2807 Sagunti
258 2727 421 2791 excidium
452 2729 630 2791 nuntiatum
662 2737 724 2805 est;
757 2736 929 2811 tantusque
963 2723 1057 2789 simul
1088 2744 1252 2792 maeror2

90 2820 200 2897 patres
236 2813 521 2898 misericordiaque
558 2813 719 2876 sociorum
773 2821 989 2897 eremptorum
1021 2811 1151 2893 indigne
1184 2820 1217 2874 et

91 2896 199 2982 pudor
220 2919 284 2962 non
315 2896 369 2960 lati
398 2899 508 2961 auxilii
539 2907 571 2961 et
601 2899 649 2960 ira
679 2897 712 2958 in
736 2836 1015 2978 Carthaginienses
1046 2906 1216 2981 metusque

91 2983 134 3043 de
157 3005 282 3046 summa
303 3005 413 3046 rerum
436 2985 529 3068 cepit,
554 2982 644 3046 velut
665 2983 693 3046 si
715 2983 780 3046 iarn
799 2983 839 3046 ad
863 2990 972 3068 portas
996 2981 1096 3046 hostis
1120 2990 1213 3054 esset,

90 3076 127 3130 ut
148 3076 196 3131 tot
217 3089 281 3132 uno
303 3078 449 3154 tempore
471 3067 609 3132 motibus
633 3068 728 3131 animi
750 3067 871 3132 turbati
892 3066 1091 3152 trepidarent
1112 3067 1215 3148 magis

91 3174 189 3238 quam
211 3152 429 3217 consulerent:
463 3176 535 3217 nam
568 3175 673 3239 neque
698 3152 824 3217 hostem
855 3153 1012 3216 acriorem
1034 3149 1250 3215 bellicosio-3

90 3260 225 3323 remque
248 3261 358 3303 secum
374 3260 592 3320 congressum,
615 3260 676 3301 nec
698 3260 767 3301 rem
782 3237 960 3302 Romanam
980 3246 1047 3300 tam
1069 3236 1215 3300 desidem

89 3346 244 3410 umquam
265 3324 364 3388 fuisse
387 3333 482 3408 atque
505 3322 665 3386 inbellem.
691 3321 810 3387 Sardos
827 3322 1010 3408 Corsosque
1034 3331 1066 3384 et
1087 3320 1215 3386 Histros
1234 3331 1252 3377 4
1308 3382 1311 3388 .

89 3419 186 3495 atque
219 3407 347 3494 Illyrios
385 3407 554 3473 lacessisse
585 3409 687 3489 magis
726 3431 822 3494 quam
855 3408 1039 3472 exercuisse
1071 3407 1216 3471 Romana

89 3517 189 3576 arma,
214 3504 334 3559 etcum
350 3493 452 3559 Callis
474 3492 701 3558 tumultuatum
723 3494 832 3559 verius
855 3515 951 3578 quam
975 3491 1214 3574 belligeratum:

87 3580 235 3645 Poenum
258 3580 382 3645 hostem
404 3589 601 3660 veteranum,
624 3579 721 3643 trium
744 3588 777 3643 et
790 3580 902 3661 viginti
924 3598 1082 3641 annorum
1103 3575 1249 3640 militina

88 3666 261 3731 durissima
297 3666 380 3729 inter
417 3664 577 3752 Hispanas
614 3674 726 3747 gentes
764 3685 892 3748 semper
928 3663 1111 3744 victorem‚'
1141 3661 1215 3726 duci

88 3753 246 3816 acerrimo
285 3750 464 3831 adsuetum,
502 3758 666 3814 recentem
702 3748 743 3812 ab
781 3749 909 3813 excidio
954 3745 1214 3834 opulentissimae

87 3837 188 3920 urbis,
221 3836 381 3901 Hiberum
402 3836 554 3918 trausire;
585 3835 714 3900 trahere
744 3857 860 3901 secum
883 3842 937 3899 tot
956 3833 1088 3897 excitos
1101 3832 1229 3909 ‘Rispa-
1284 3848 1288 3854 ·
