2738 4146
364 98 474 149 uranu
492 99 540 150 111.
559 98 636 150 OAP.
653 101 696 153 to.
716 102 758 152 st.
777 99 810 168 [a
831 99 862 152 U.
881 116 904 151 a
923 100 993 170 80⁶1.
1214 90 1277 148 225

86 268 212 351 verbis,
236 269 329 335 cuius
350 271 442 336 iussu
464 281 573 336 castra
595 272 825 350 deseruissent,
849 282 906 338 aut
921 273 1000 360 quid
1016 274 1077 338 sibi
1094 273 1224 358 vellent,

88 357 149 445 qui
170 357 290 421 armati
312 355 512 422 Aventinum
534 357 740 424 obsedissent
761 358 915 445 belloque
936 382 1052 424 averso
1070 360 1110 425 ab
1126 360 1225 426 hosti·

87 444 154 509 bus
175 443 318 528 patriam
341 464 433 508 suam
449 445 623 529 cepissent.
640 467 704 509 non
720 445 832 526 defuit,
850 445 938 531 quod
954 447 1226 534 responderetur3
1244 463 1278 512 rt

88 530 217 612 deerat,
241 528 299 615 qui
321 528 416 594 daret
436 552 628 616 responsum
650 530 820 596 nullodum
843 542 933 597 certo
959 533 1042 598 duce
1065 534 1225 598 noceatis

88 615 290 681 audentibus
313 614 448 700 singulis
470 618 612 682 invidiae
635 641 670 682 se
694 617 820 682 offerre.
848 618 881 681 id
916 618 1016 684 modo
1039 640 1059 680 a
1080 619 1225 684 multitu·

89 703 168 768 dine
190 700 430 767 conclamatum
453 711 513 786 est,
546 713 582 767 ut
609 703 648 768 L.
670 702 839 769 Valerium
862 713 895 769 et
916 705 962 769 M.
986 704 1161 771 Horatium
1184 706 1227 770 ad

89 810 129 855 se
150 789 335 853 mitterent:
357 789 397 853 iis
420 811 455 853 se
479 790 612 854 daturos
634 812 837 875 responsum.

193 870 253 939 LI.
276 874 431 939 Dimissis
461 873 577 961 legatis
599 876 753 941 admouet
786 873 906 940 milites
928 874 1103 959 Verginius
1133 876 1166 939 in
1189 898 1225 941 re
1246 895 1259 943 1

91 982 159 1025 non
179 959 327 1024 maxima
348 958 446 1046 paulo
470 972 545 1026 ante
574 963 773 1047 trepidatum
796 982 878 1042 esse,
911 963 987 1047 quie
1018 963 1087 1026 siue
1119 963 1225 1048 capite

89 1046 269 1112 multitudo
290 1045 398 1128 fuerit,
434 1069 702 1135 responsumque,
741 1069 938 1133 quemquam
961 1069 1026 1111 non
1057 1047 1223 1132 inutiliter,

90 1133 226 1198 fortuito
248 1142 361 1197 tamen
382 1133 485 1215 magis
508 1155 669 1199 consensu
691 1157 789 1220 quam
813 1134 977 1198 communi
993 1134 1126 1198 consilio
1144 1157 1225 1198 esse.
1317 1170 1322 1182 ·

115 1217 227 1284 lacere
242 1219 358 1284 decern
375 1220 490 1301 creari,
514 1220 570 1307 qui
585 1242 731 1285 summae
750 1222 798 1284 rei
813 1228 1014 1306 praeessent,
1030 1219 1226 1305 militarique
1246 1235 1262 1283 2

90 1242 219 1370 honore
256 1304 406 1370 tribunos
443 1305 581 1371 militum
618 1304 787 1393 appellari.
833 1328 907 1370 cum
938 1306 979 1368 ad
1013 1328 1086 1370 eum
1119 1308 1261 1391 ipsum3

91 1393 236 1478 primum
267 1392 296 1456 is
327 1390 432 1456 honos
464 1392 655 1477 deferretur,
688 1390 897 1474 ,melioribus
930 1392 1011 1456 meis
1043 1394 1160 1456 vestris
1186 1415 1227 1456 ue

89 1477 193 1542 rebus
214 1477 403 1543 reservate“
426 1478 532 1565 inquit
555 1479 637 1560 „ista
659 1478 701 1542 de
723 1501 776 1542 me
797 1477 931 1559 iudicia3
968 1500 1030 1542 nec
1058 1478 1137 1542 mihi
1160 1414 1263 1545 liliat
1306 1489 1311 1499 “

90 1561 199 1629 inulta
219 1562 381 1629 honorem
402 1561 505 1629 ullum
525 1564 703 1629 iucundum
735 1586 807 1629 esse
829 1564 962 1649 patitur,
994 1585 1056 1627 nec
1086 1565 1120 1628 in
1151 1587 1226 1650 per·

90 1649 226 1715 turbata
247 1670 285 1714 re
307 1647 441 1735 publica
463 1671 520 1714 eos
543 1650 623 1716 utile
645 1659 696 1716 est
717 1671 872 1736 praeesse
885 1649 990 1731 vobis,
1015 1651 1069 1735 qui
1084 1651 1228 1736 proximi

90 1736 236 1802 invidiae
259 1736 333 1800 sint
357 1735 384 1800 si
406 1736 479 1821 quis
501 1759 580 1803 usus
602 1737 668 1802 mei
691 1747 749 1817 est,
775 1734 876 1801 nihilo
898 1736 1004 1800 minor
1027 1758 1068 1800 ex
1098 1738 1263 1822 privatos

91 1822 275 1909 capietur“.
298 1824 344 1886 ita
366 1821 479 1887 decem
502 1844 638 1886 numero
660 1822 809 1888 tribunos
837 1819 993 1885 militares
1018 1831 1140 1886 creant.
1246 1846 1262 1893 e

196 1907 315 1995 Neque
336 1908 369 1972 in
392 1907 521 1972 Sabinis
544 1910 667 1995 quievit
689 1909 862 1973 exercitus.
886 1906 932 1971 ibi
948 1930 1079 1994 quoque
1094 1916 1262 1979 auctores

90 1992 186 2059 Icilio
209 1993 461 2081 Numitorioque
493 1995 634 2060 secessio
666 1994 707 2059 ab
740 1993 934 2059 decemviris
965 1993 1052 2058 facta
1086 2005 1227 2060 estnon

90 2081 220 2145 minore
255 2088 346 2145 motu
378 2081 561 2146 animorum
593 2078 689 2146 Siccii
723 2081 833 2145 caedis
870 2083 1029 2145 memoria
1059 2091 1226 2160 renovata,

92 2188 191 2254 quam
216 2186 316 2253 quern
337 2187 425 2230 nova
446 2166 533 2230 fama
555 2167 597 2231 de
619 2168 745 2251 virgine
768 2167 849 2230 adeo
872 2166 969 2230 foede
993 2167 1035 2231 ad
1058 2165 1227 2232 libidinem

90 2253 195 2336 petita
217 2252 423 2317 accenderat.
460 2252 582 2337 Icilius,
613 2253 670 2318 ubi
704 2252 829 2317 audivit
859 2252 1008 2316 tribunos
1037 2252 1173 2317 militum
1194 2252 1262 2327 ins

91 2337 260 2404 Aventino
284 2348 423 2422 creatos,
454 2359 497 2402 ne
521 2340 724 2404 comitiorum
747 2338 935 2403 militarium
964 2340 1227 2422 praerogativam

89 2424 219 2490 urbana
240 2425 373 2489 comitia
393 2424 509 2489 iisdem
531 2423 671 2490 tribunis
693 2425 799 2510 plebis
829 2424 977 2489 creandis
1000 2433 1226 2510 sequerentur,

89 2512 217 2598 peritus
239 2531 351 2575 rerum
373 2510 578 2597 popularium
601 2512 839 2597 imminensque
862 2511 892 2574 ei
913 2510 1068 2595 potestati
1092 2519 1125 2575 et
1146 2509 1263 2594 ipses

90 2598 285 2698 priusquam
308 2597 412 2660 iretur
433 2597 476 2661 ad
491 2597 618 2679 urbem,
632 2599 705 2682 pari
719 2605 882 2683 potestate
898 2595 1039 2660 eundem
1054 2618 1226 2661 numerum

90 2682 134 2749 ab
156 2705 225 2749 surs
248 2682 427 2747 creandum
447 2675 554 2748 buret.
578 2693 674 2769 porta
696 2681 824 2748 Collina
844 2681 961 2746 urbem
984 2680 1148 2748 intravere
1164 2681 1225 2747 sub
1245 2706 1279 2756 10

89 2771 191 2854 signis
215 2768 390 2856 mediaque
405 2768 488 2834 urbe
504 2770 633 2854 agmine
648 2769 682 2832 in
696 2766 897 2833 Aventinum
913 2778 1065 2852 pergunt.
1089 2768 1136 2835 ibi
1151 2790 1226 2834 con·

88 2857 193 2921 iuncti
230 2853 324 2920 alteri
362 2856 521 2920 exercitui
558 2856 672 2939 viginti
710 2854 848 2922 tribunis
885 2854 1024 2919 militum
1061 2858 1227 2939 negotium

89 2943 265 3019 dederunt,
297 2950 334 3006 ut
367 2963 409 3006 ex
438 2964 497 3006 suo
530 2963 666 3006 numero
702 2940 783 3004 duos
811 2951 969 3024 crearent,
1003 2942 1058 3026 qui
1081 2963 1226 3006 summae

87 3050 200 3095 rerum
223 3036 423 3112 praeessent.
446 3027 492 3092 M.
515 3025 673 3114 Oppium,
696 3027 773 3094 Sex.
796 3026 964 3091 Manilium
988 3036 1108 3091 creant.

193 3113 310 3178 Patres
333 3112 462 3178 solliciti
486 3113 528 3178 de
550 3136 677 3178 summa
698 3134 819 3194 rerum,
843 3134 918 3176 cum
943 3120 1074 3176 senatus
1108 3112 1226 3177 cotidie
1245 3132 1277 3181 11

88 3209 188 3284 esset,
211 3200 326 3283 iurgiis
348 3201 479 3285 saepius
501 3209 611 3263 terunt
641 3210 773 3285 tempus
807 3220 904 3287 quam
937 3196 1089 3261 consiliis.
1129 3197 1228 3262 Siccii
1245 3221 1279 3269 12

89 3286 213 3352 caedes
237 3285 431 3351 decemviris
464 3284 549 3350 etA
598 3287 672 3349 iana
702 3285 805 3348 libido
838 3293 870 3350 et
902 3284 1066 3348 dedecora
1092 3282 1227 3350 militiae

88 3371 330 3439 obiciebantur.
354 3371 507 3457 placebat
529 3308 697 3437 Vlialerium
720 3371 959 3456 Horatiumque
989 3369 1039 3432 ire
1061 3371 1094 3433 in
1118 3370 1227 3434 Aven-

87 3460 204 3525 tinum.
243 3457 291 3522 illi
320 3457 486 3542 negabant
516 3478 552 3522 se
584 3456 680 3522 aliter
710 3459 822 3538 ituros,
856 3478 954 3542 quam
989 3455 1016 3518 si
1050 3456 1227 3521 decemviri

88 3546 296 3647 deponerent
324 3544 462 3628 insignia
495 3543 704 3627 magistratus
728 3544 807 3624 eius,
840 3564 904 3628 quo
939 3562 1023 3606 anno
1053 3542 1118 3605 iam
1151 3551 1227 3607 ante

88 3630 246 3697 abissent
279 3630 456 3695 decemviri
478 3638 652 3716 querentes
676 3630 765 3694 sein
790 3629 936 3692 ordinem
958 3627 1040 3710 cogi,
1063 3648 1130 3691 non
1152 3637 1227 3693 ante
1246 3650 1279 3699 ra

89 3738 190 3806 quam
212 3715 349 3803 perlatis
371 3715 509 3800 legibus,
543 3737 681 3802 quarum
705 3737 803 3779 causa
826 3714 928 3778 creati
951 3721 1071 3792 essent,
1096 3712 1226 3798 deposi-

88 3814 184 3870 turos
205 3802 377 3889 imperium
402 3825 437 3868 se
462 3801 601 3867 aiebant,

131 3906 158 3942 n.
167 3904 210 3939 nr.
219 3905 258 3946 m,
268 3901 302 3945 rr.
316 3903 345 3938 n
1152 3898 1192 3944 tu
