2738 4146
459 153 569 202 uranu
586 152 621 201 11.
640 150 715 200 cnr.
730 156 752 202 1.
773 149 806 216 [a.
825 167 847 201 e
862 151 893 202 u.
912 151 971 208 2451

560 676 641 854 r.
678 745 834 854 mvn

406 931 494 1006 AB
523 931 701 1006 URBE
731 931 1015 1006 CONDITA

612 1083 749 1147 LIBER
768 1083 813 1148 II.

101 1375 115 1424 1
245 1359 272 1422 Ι.
300 1359 413 1423 Liberi
443 1360 508 1422 iam
534 1356 609 1421 hinc
635 1361 749 1443 popuii
776 1358 912 1422 Romani
937 1380 991 1422 res
1017 1381 1101 1444 pace
1128 1359 1285 1446 belloque

142 1455 262 1531 gestas,
279 1467 401 1509 annuos
416 1446 624 1529 magistratus
641 1446 841 1529 imperiaque
856 1444 967 1528 legum
982 1446 1167 1530 potentiora
1183 1468 1283 1532 quam

74 1612 76 1615 ι
103 1550 118 1597 2
144 1533 310 1596 hominum
333 1553 500 1616 peragam.
529 1553 613 1616 quae
640 1529 774 1594 libertas
801 1539 838 1594 ut
864 1529 981 1595 laetior
1008 1542 1103 1612 esset,
1139 1536 1283 1618 proximi

142 1619 229 1702 regis
252 1618 407 1702 superbia
428 1617 560 1681 fecerat.
584 1639 659 1680 nam
686 1619 811 1700 priores
838 1618 883 1679 ita
910 1627 1097 1700 regnarunt,
1129 1628 1167 1682 ut
1194 1619 1282 1684 haud

143 1704 302 1767 immerito
319 1726 430 1767 omnes
447 1703 600 1787 deinceps
616 1703 800 1766 conditores
816 1704 957 1787 partium
974 1713 1061 1767 certe
1077 1702 1177 1783 urbis,
1200 1728 1284 1791 quas

142 1811 245 1854 novas
267 1791 330 1874 ipsi
353 1790 448 1853 sedes
471 1789 511 1851 ab
529 1811 564 1852 se
580 1798 694 1852 auctae
710 1789 922 1852 multitudinis
938 1788 1144 1870 addiderunt,
1168 1813 1282 1857 nume·

103 1894 119 1942 3
143 1887 264 1941 rentur.
279 1898 384 1960 neque
401 1875 584 1958 ambigitur,
600 1877 677 1958 quin
693 1874 814 1937 Brutus
830 1875 927 1957 idem,
945 1877 1001 1960 qui
1015 1885 1139 1939 tantum
1156 1877 1282 1960 gloriae

144 1961 295 2046 Superbo
327 1972 444 2025 exacto
476 1983 553 2044 rege
579 1962 707 2042 meruit,
742 1962 881 2044 pessimo
909 1961 1040 2046 publico
1069 1962 1101 2024 id
1134 1963 1281 2031 facturus

143 2048 251 2129 fuerit,
275 2049 302 2111 si
324 2046 484 2111 libertatis
504 2049 695 2110 immaturae
712 2047 862 2132 cupidine
879 2049 1024 2131 priorum
1046 2070 1162 2132 regum
1184 2050 1282 2116 alicui

103 2154 120 2201 4
142 2155 280 2217 regnum
304 2134 503 2196 extorsisset.
529 2132 605 2217 quid
623 2134 707 2196 enim
721 2133 867 2196 futurum
888 2133 958 2213 fuit,
983 2135 1010 2197 si
1032 2134 1088 2198 illa
1109 2144 1280 2220 pastorum

144 2241 430 2304 convenarumque
452 2217 556 2303 plebs,
580 2218 749 2302 transfuga
771 2240 813 2282 ex
836 2220 902 2283 suis
926 2218 1066 2304 populis,
1091 2220 1152 2284 sub
1176 2222 1282 2288 tutela

144 2305 292 2370 inviolati
306 2304 421 2390 templi
443 2315 499 2368 aut
514 2305 699 2368 libertatem
722 2314 778 2375 aut
801 2315 889 2369 certe
911 2307 1125 2390 inpunitatem
1148 2308 1280 2393 adepta,

146 2390 250 2457 soluta
265 2393 354 2474 regio
369 2400 468 2472 metu,
487 2392 601 2475 agitari
618 2400 734 2475 coepta
749 2400 836 2455 esset
844 2392 1025 2455 tribuniciis
1035 2393 1187 2476 procellis
1203 2398 1279 2460 etin

106 2499 122 2547 5
146 2476 251 2542 aliena
265 2477 348 2542 urbe
363 2499 437 2541 cum
451 2477 598 2562 patribus
613 2499 721 2540 serere
736 2478 920 2556 certamina,
937 2479 1128 2564 priusquam
1141 2482 1281 2565 pignera

145 2566 319 2649 coniugum
334 2586 372 2627 ac
394 2562 570 2626 liberorum
584 2565 778 2649 'caritasque
800 2564 900 2647 ipsius
924 2563 993 2645 soli,
1018 2567 1069 2628 cui
1084 2564 1182 2650 longo
1198 2577 1290 2633 tem·v

103 2673 119 2721 a
143 2672 223 2735 pore
248 2651 461 2729 adsuescitur,
485 2651 607 2713 animos
631 2671 744 2712 eorum
760 2648 1002 2714 consociasset?
1026 2651 1202 2736 dissipatae
1225 2677 1280 2721 res

142 2737 286 2800 nondum
309 2735 441 2799 adultae
468 2735 631 2798 discordia
657 2734 772 2812 forent,
797 2757 878 2821 quas
907 2736 987 2799 fovit
1008 2739 1184 2822 tranquilla
1211 2763 1278 2806 mo·

143 2822 267 2886 deratio
289 2823 418 2907 imperii
441 2843 544 2907 eoque
566 2822 738 2885 nutriendo
761 2821 925 2906 perduxit,
948 2832 985 2887 ut
1006 2823 1126 2887 bonam
1149 2825 1279 2911 frugem

102 2932 117 2979 7
142 2908 300 2973 libertatis
323 2906 456 2981 maturis
479 2909 543 2972 iam
564 2907 689 2971 viribus
711 2907 795 2970 ferre
818 2917 961 2992 possent.
985 2909 1144 2974 libertatis
1169 2924 1279 2978 autem

143 2996 300 3080 originem
314 2994 391 3058 inde
406 2995 518 3075 magis,
536 2996 612 3078 quia
627 3015 768 3056 annuum
784 2996 955 3079 imperium
971 2995 1142 3061 consulare
1156 2997 1280 3065 factum
1304 2999 1305 3003 ’

143 3091 202 3162 est,
225 3103 323 3166 quam
347 3080 434 3166 quod
451 3081 653 3143 deminutum
669 3081 844 3165 quicquam
864 3083 905 3144 sit
928 3104 969 3145 ex
991 3083 1083 3164 regia
1105 3094 1278 3168 potestate,

102 3190 118 3239 8
142 3189 303 3231 numeres,
328 3168 435 3230 omnia
457 3167 537 3247 iura,
561 3167 668 3229 omnia
694 3167 831 3250 insignia
846 3168 941 3251 primi
963 3167 1111 3233 consules
1127 3179 1280 3254 tenuere3

141 3254 175 3316 id
199 3253 296 3317 modo
312 3264 442 3317 cautum
465 3262 523 3333 est,
546 3275 597 3331 ne,
622 3253 648 3315 si
663 3251 759 3317 ambo
774 3252 881 3316 fasces
899 3252 1067 3332 haberent,
1093 3254 1281 3340 duplicatus

142 3348 249 3404 terror
279 3339 456 3403 videretur.
490 3339 610 3402 Brutus
649 3340 738 3423 prior
777 3339 974 3404 concedente
1007 3338 1142 3423 conlega
1172 3342 1280 3420 fasces

141 3424 270 3506 habuit,
295 3428 436 3510 quinon
459 3427 564 3488 acrior
578 3425 701 3488 vindex
715 3422 873 3487 libertatis
896 3426 1011 3503 fuerat,
1036 3449 1135 3512 quam
1159 3429 1280 3495 deinde

99 3536 114 3584 9
141 3523 250 3575 custos
265 3512 335 3574 fuit.
352 3512 495 3575 omnium
511 3513 650 3595 primum
666 3511 798 3574 avidum
812 3532 918 3574 novae
933 3511 1092 3576 libertatis
1110 3515 1278 3600 populum,

88 3624 121 3673 10
139 3620 180 3661 ne
204 3598 412 3683 postmodum
434 3597 521 3661 flecti
548 3596 701 3682 precibus
730 3606 785 3659 aut
814 3598 906 3660 donis
932 3599 1031 3682 regiis
1060 3611 1181 3684 posset,
1207 3605 1280 3668 iure

139 3682 276 3747 iurando
306 3685 416 3767 adegit
444 3684 603 3747 neminem
631 3683 753 3746 Romae
781 3704 935 3766 passuros
967 3707 1115 3769 regnare.
1148 3689 1278 3755 deinde‘

140 3791 204 3855 quo
229 3768 301 3852 plus
326 3772 443 3834 virium
465 3771 498 3832 in
521 3779 635 3832 senatu
658 3769 841 3855 frequentia
868 3771 965 3834 etiam
993 3772 1114 3836 ordinis
1144 3773 1280 3860 faceret,

128 3856 291 3918 caedibus
304 3858 394 3940 regis
412 3857 615 3920 deminutum
630 3865 760 3942 patrum
775 3877 946 3920 numerum
962 3857 1159 3942 primoribus
1179 3884 1279 3949 eques
