2738 4146
82 154 144 213 120
312 166 419 214 niens
437 165 508 213 xxl.
530 164 605 213 cnr.
625 166 665 214 1o.
686 166 726 214 ιτ.
748 165 786 214 rs.
807 163 840 230 [a
858 162 891 213 U.
910 178 932 212 c.
952 163 1021 229 ascl.

94 355 111 402 c
130 358 245 400 norum
267 334 419 422 populos3
443 337 644 400 conciturum
661 335 772 399 avidas
794 325 923 420 semper
938 356 1102 398 armorum
1118 330 1266 399 Gallicas

131 432 253 506 gentes.
278 444 351 486 curn
375 420 454 485 orbe
476 430 637 484 terrarum
669 420 792 485 bellum
826 420 1007 504 gerendum
1037 420 1069 482 in
1100 418 1196 484 Italia
1228 442 1268 485 ac

131 530 190 594 pro
214 508 383 571 moenibus
405 507 559 571 Romanis
583 529 664 570 esse.

96 614 110 661 1
234 592 341 655 XVII.
358 593 550 657 Nominatae
565 594 630 656 iarn
646 602 739 656 antea
749 590 935 656 consulibus
951 590 1140 677 provinciae
1157 601 1264 670 erant3

42 641 70 715 ‘l
130 687 199 742 turn
221 679 328 742 sortiri
351 681 439 743 iussi.
469 676 619 743 Cornelio
643 678 810 766 Hispania,
836 677 1026 763 Sempronio
1049 675 1163 741 Africa
1185 699 1262 742 cum

95 773 111 818 2
132 763 241 829 Sicilia
257 765 373 829 evenit.
390 787 449 829 sex
471 766 503 826 in
527 786 601 828 eum
617 787 736 828 annum
759 765 910 828 decretae
926 762 1069 846 legiones
1087 771 1119 826 et
1141 763 1267 828 socium

132 861 287 936 quantum
318 851 395 937 ipsis
432 850 599 914 videretur
631 860 664 915 et
699 848 810 914 classis
849 858 968 934 quanta
1003 849 1112 934 parari
1142 859 1265 935 posset

96 945 282 1022 3quattuor
314 947 347 1000 et
376 937 489 1018 viginti
520 937 665 1023 peditum
705 937 924 1000 Romanorum
961 936 1050 999 milia
1080 937 1202 1021 scripta
1234 944 1267 999 et

131 1021 217 1086 mille
242 1024 414 1103 octingenti
434 1025 567 1108 equites,
594 1025 755 1087 sociorum
771 1021 984 1107 quadraginta
998 1019 1087 1085 milia
1107 1021 1265 1106 peditum,

132 1117 282 1194 quattuor
297 1108 395 1172 milia·
407 1117 439 1172 et
454 1108 679 1212 quadringenti
695 1110 833 1193 equites3
857 1128 958 1171 naves
976 1107 1133 1171 ducentae
1150 1108 1265 1190 viginti

96 1206 112 1251 4
132 1197 392 1280 quinqueremes,
404 1192 531 1259 celoces
547 1196 660 1277 viginti
676 1195 817 1258 deducti.
833 1192 933 1257 latum
948 1192 1024 1256 inde
1042 1193 1081 1256 ad
1098 1191 1266 1279 populum,

131 1278 253 1343 vellent
274 1280 423 1343 iuberent
437 1278 558 1366 populo
576 1280 832 1362 Carthaginiensi
847 1277 969 1342 bellum
992 1277 1106 1357 indici3
1131 1281 1265 1364 eiusque

131 1364 209 1429 belli
232 1387 331 1429 causa
353 1367 543 1451 supplicatio
565 1387 626 1452 per
657 1366 773 1430 urbem
807 1365 918 1430 habita
951 1373 1047 1450 atque
1070 1364 1196 1428 adorati
1221 1364 1263 1440 di,

37 1454 42 1460 '
131 1460 168 1515 ut
190 1451 274 1514 bene
297 1473 335 1515 ac
358 1451 494 1515 feliciter
517 1455 662 1516 eveniret
683 1450 770 1538 quod
794 1450 915 1516 bellum
938 1449 1077 1537 populus
1100 1449 1265 1514 Romanus

95 1539 287 1601 siussisset.
312 1539 394 1600 inter
417 1537 566 1602 consules
587 1541 633 1602 ita
655 1541 768 1625 copiae
791 1537 928 1601 divisae:
954 1535 1145 1622 Sempronio
1171 1535 1266 1600 datae

131 1622 276 1706 legiones
300 1623 383 1688 duae
401 1660 440 1668 -
457 1645 497 1688 ea
519 1633 676 1710 quaterna
697 1622 785 1688 milia
800 1632 892 1687 erant
916 1622 1062 1708 peditum
1085 1630 1118 1685 et
1141 1624 1266 1687 treceni

133 1711 256 1795 equites
280 1720 369 1773 -et
391 1713 552 1774 sociorum
575 1710 718 1774 sedecim
740 1708 829 1773 milia
849 1709 1004 1796 peditum,
1029 1709 1152 1793 equites
1176 1706 1265 1772 mille

132 1797 315 1879 octingenti,
337 1817 437 1860 naves
452 1794 567 1878 longae
583 1805 713 1861 centum
736 1797 912 1877 sexaginta,
936 1793 1064 1858 celoces
1080 1792 1266 1859 duodecim.

97 1897 206 1945 ecum
239 1881 287 1945 his
324 1880 531 1946 terrestribus
568 1884 799 1968 maritimisque
836 1883 936 1968 copiis
968 1879 1016 1944 Ti.
1055 1878 1266 1966 Sempronius

132 1969 248 2031 missus
271 1970 304 2030 in
326 1965 477 2048 Siciliam,
509 1970 554 2032 ita
576 1970 608 2031 in
631 1968 774 2032 Africam
804 1969 1060 2045 transmissurus,
1093 1967 1120 2030 si
1151 1965 1192 2029 ad
1216 1987 1267 2030 ar·

98 2053 272 2117 scendum
308 2050 401 2116 Italia
431 2052 577 2118 Poenum
608 2053 719 2119 consul
755 2052 836 2117 alter
867 2055 943 2117 satis
979 2060 1072 2115 esset.
1111 2049 1264 2117 Cornelio

132 2142 236 2202 minus
254 2141 419 2223 copiarum
444 2138 563 2218 datum,
588 2142 663 2226 quia
677 2139 715 2203 L.
740 2138 878 2203 Manlius
893 2148 1025 2225 praetor
1047 2139 1168 2223 etipse
1191 2161 1266 2202 cum

97 2224 219 2288 8haud
264 2224 407 2288 invalido
444 2225 606 2310 praesidio
648 2227 681 2290 in
719 2223 860 2289 Galliam
896 2223 1097 2303 mittebatur3
1134 2226 1269 2289 navium

132 2312 273 2374 maxime
289 2308 439 2375 Cornelio
455 2333 609 2376 numerus
627 2312 823 2375 deminutus:
840 2312 1009 2394 sexaginta
1018 2311 1268 2395 quinqueremes

134 2397 228 2460 datae
259 2432 303 2442 —
332 2419 438 2482 neque
471 2400 556 2463 enim
577 2400 668 2462 ⁴mari
699 2406 871 2462 venturum
902 2405 958 2460 aut
989 2417 1028 2460 ea
1060 2404 1154 2482 parte
1185 2394 1267 2461 belli

133 2482 359 2547 dimicaturum
384 2485 508 2548 hostem
528 2484 759 2548 credebant-
780 2493 812 2546 et
835 2483 918 2546 duae
933 2481 1098 2546 Romanae
1121 2480 1268 2564 legiones

133 2592 206 2632 cum
229 2591 287 2633 suo
310 2572 393 2633 iusto
423 2573 566 2655 equitatu
598 2579 630 2633 et
652 2569 909 2655 quattuordecim
943 2565 1072 2632 milibus
1098 2570 1270 2644 ¹sociorum

96 2654 287 2741 9peditum,
311 2655 472 2740 equitibus
499 2654 586 2719 mille
609 2657 782 2720 sexcentis.
818 2656 899 2718 duas
930 2653 1075 2737 legiones
1102 2653 1270 2720 Romanas

132 2750 164 2802 et
187 2740 301 2803 decem
323 2738 411 2804 milia
433 2744 596 2806 sociorum
616 2741 771 2828 peditum,
796 2738 883 2806 mille
907 2742 1031 2825 equites
1053 2743 1169 2819 socios,
1193 2763 1270 2805 sex·

133 2835 243 2890 centos
271 2825 432 2891 Romanos
456 2825 564 2891 Callia
593 2829 762 2914 provincia
785 2827 900 2891 eodem
922 2847 1020 2890 versa
1051 2827 1084 2890 iu
1107 2826 1270 2893 Punicum

131 2910 254 2975 bellum
278 2911 399 2975 habuit.
1188 2980 1191 2984 ⁴

96 3007 110 3053 1
236 2996 361 3060 XVlll.
387 2998 446 3061 His
469 3000 513 3061 ita
528 3000 731 3084 comparatis,
755 3007 791 3062 ut
813 3000 920 3063 omnia
940 2999 1025 3063 iusta
1048 3005 1121 3063 ante
1144 2995 1272 3065 bellum

47 3076 62 3094 ”
133 3083 258 3165 fierent,
291 3082 414 3167 legatos
449 3086 586 3148 maiores
618 3093 704 3165 natu,
730 3082 770 3162 Q.
803 3084 952 3157 Fabium,
984 3083 1029 3146 Μ.
1062 3083 1205 3157 Livium,
1230 3084 1272 3149 L.

133 3169 318 3250 Aemilium,
343 3167 378 3234 C.
402 3170 572 3249 Licinium,
597 3168 636 3248 Q.
661 3169 829 3247 Baebium,
852 3173 885 3234 in
908 3169 1052 3235 Africam
1074 3171 1206 3234 mittunt
1228 3170 1273 3236 ad

99 3257 394 3341 apercunctandos
418 3253 710 3340 Carthaginienses,
733 3254 907 3343 publicone
938 3255 1071 3320 consilio
1104 3255 1273 3322 Hannibal

134 3343 312 3424 Saguntum
336 3352 564 3429 oppugnasset,
597 3351 638 3420 et,
671 3344 706 3424 si,
738 3342 770 3406 id
804 3342 889 3428 quod
914 3341 1030 3406 facturi
1060 3341 1270 3426 videbantur,

133 3428 310 3492 faterentur
331 3451 370 3493 ac
394 3427 607 3491 defenderent
636 3426 768 3514 publico
801 3427 934 3493 consilio
957 3427 1088 3510 factum,
1119 3437 1157 3493 ut
1186 3429 1271 3494 indi·

96 3528 113 3574 3
134 3525 244 3579 cerent
265 3513 385 3601 populo
410 3512 667 3594 Carthaginiensi
689 3512 820 3578 bellum.
844 3514 980 3579 Romani
1001 3523 1076 3601 post
1098 3536 1175 3580 uam
1192 3512 1274 3580 Car·

133 3600 297 3684 thaginem
319 3609 486 3680 venerunt,
522 3623 595 3665 cum
618 3610 747 3664 senatus
781 3600 873 3664 datus
898 3609 992 3681 esset,
1025 3609 1058 3664 et
1077 3535 1121 3680 C
1143 3599 1272 3668 Fabius

134 3685 212 3750 nihil
235 3686 440 3772 ultraquam
461 3708 570 3768 unum,
595 3686 682 3771 quod
705 3686 892 3751 mandatum
924 3695 1002 3764 erat,
1034 3696 1269 3773 percunctatus

97 3782 229 3852 desset,
267 3784 334 3836 tum
364 3795 409 3836 ex
440 3771 758 3855 Carthaginiensibus
795 3793 892 3836 unus:
934 3794 1111 3860 „praeceps
1148 3783 1271 3857 vesun,

116 3855 269 3936 Romam,
297 3868 332 3922 et
349 3861 446 3945 prior
467 3857 587 3943 legatio
603 3857 672 3942 fuit,
696 3882 771 3924 cum
786 3857 1002 3922 Hannibalem
1021 3868 1186 3946 tamquam
1209 3883 1272 3929 suo
