2738 4146
330 163 439 214 LIBER
456 164 543 214 XXII.
562 163 639 214 CAP.
659 165 700 215 rt.
718 166 761 215 48.
778 168 820 215 49.
840 164 874 233 [a.
893 165 925 217 U.
945 182 967 217 c.
985 165 1059 236 638}
1221 156 1283 216 195

88 339 204 422 conisi,
227 335 360 422 obliqua
372 334 479 399 fronte
493 336 628 420 acieque
645 336 746 400 densa
759 335 909 423 inpulere
929 338 1070 402 hostium
1088 359 1228 404 cuneum

89 427 186 491 nimis
210 433 346 487 tenuem¹
364 443 468 507 eoque
489 444 607 507 parum
629 421 786 506 validum,
811 445 831 485 a
853 433 965 487 cetera
988 425 1229 508 prominentem

89 514 174 577 acie.
199 508 335 597 inpulsis
359 507 476 571 deinde
500 529 538 570 ac
560 507 688 592 trepide
702 508 920 573 referentibus
938 511 1059 594 pedem
1083 511 1270 579 institeret

88 622 130 663 ac
163 607 279 662 tenore
311 616 377 659 uno
410 615 468 677 per
500 615 659 693 praeceps
691 617 814 678 pavore
835 594 1034 678 fugientium
1058 619 1177 680 agmen
1197 597 1231 659 in

90 684 236 749 mediam
258 682 401 767 primum
423 681 526 744 aciem
548 678 648 761 inlati,
677 691 848 764 ,postremo
876 680 964 745 nullo
993 683 1166 747 resistente
1189 682 1231 748 ad

88 769 240 836 subsidia
261 766 414 830 Afrorum
448 774 677 851 pervenerunt,
710 769 766 852 qui
797 768 961 853 utrimque
991 767 1135 832 reductis
1170 768 1265 838 alisr

89 856 307 922 constiterant
328 853 447 933 media,
473 873 539 936 qua
561 850 648 916 Galli
665 851 867 939 Hispanique
891 863 1058 930 steterant,
1083 853 1229 939 aliquan·
1251 877 1269 926 8

89 955 162 1006 tum
185 942 391 1026 prominente
414 938 494 1002 acie.
520 939 576 1024 qui
592 960 711 1002 cuneus
726 948 763 1002 ut
784 938 897 1025 pulsus
914 943 1067 1025 aequavit
1088 940 1229 1005 frontem

91 1029 244 1115 primum,
277 1025 353 1089 dein
385 1023 531 1087 cedendo
565 1025 661 1087 etiam
693 1026 798 1089 sinum
829 1027 860 1088 in
893 1026 1000 1090 medio
1035 1026 1134 1107 dedit,
1158 1026 1230 1090 Afri

92 1117 182 1178 circa
204 1115 269 1176 iam
293 1132 415 1176 cornua
436 1109 582 1174 fecerant
598 1111 866 1195 inruentibusque
880 1113 1010 1177 incaute
1033 1113 1065 1174 in
1084 1111 1229 1177 medium

92 1196 251 1266 Romanis
267 1195 514 1261 circumdedere
530 1195 612 1276 alas3
628 1218 705 1259 mox
721 1218 842 1260 cornua
853 1199 1061 1262 extendendo
1080 1197 1229 1262 clausere

89 1299 127 1351 et
149 1284 191 1350 ab
208 1294 301 1368 tergo
319 1283 438 1346 hostes.
462 1279 537 1344 hinc
552 1282 698 1364 Romani,
724 1282 866 1347 defuncti
887 1285 1086 1370 nequiquam
1102 1283 1228 1368 proelio
1248 1307 1264 1357 9

90 1390 170 1454 uno,
198 1372 325 1435 omissis
349 1367 451 1433 Gallis
474 1367 705 1454 Hispanisque,
738 1391 876 1454 quorum
907 1380 1001 1454 terga
1032 1371 1227 1452 ceciderant,

89 1460 254 1523 adversus
282 1455 382 1534 Afros
413 1455 572 1537 integram
604 1476 747 1540 pugnam
779 1457 900 1536 ineunt,
931 1479 996 1521 non
1031 1466 1156 1521 tantum
1189 1478 1227 1520 eo

91 1546 248 1629 iniquam,
272 1541 362 1628 quod
384 1539 499 1603 inclusi
514 1541 672 1603 adversus
689 1541 909 1623 circumfusos,
933 1543 991 1606 sed
1015 1544 1112 1606 etiam
1136 1542 1223 1627 quod
1249 1566 1286 1615 10

89 1631 171 1696 fessi
194 1650 268 1692 cum
290 1626 476 1692 recentibus
500 1646 538 1689 ac
561 1627 686 1709 vegetis
710 1627 909 1712 pugnabant.

175 1713 355 1780 -XLVIIL
377 1712 448 1776 Iam
471 1721 505 1776 et
527 1713 655 1776 sinistro
681 1735 781 1776 cornu
803 1712 960 1795 Romano,
984 1712 1042 1776 ubi
1065 1713 1228 1777 sociorum
1253 1740 1266 1787 1

89 1803 222 1888 equites
259 1799 417 1865 adversus
449 1798 607 1861 Numidas
640 1807 806 1872 steterant,
845 1808 1029 1862 consertum
1067 1799 1225 1882 proelium

88 1890 174 1965 erat,
211 1903 308 1964 segne
342 1883 447 1964 primo
470 1886 546 1945 eta
578 1879 700 1944 Punica
734 1883 883 1961 coeptum
905 1877 1028 1942 fraude.
1063 1875 1267 1961 quingenti2

91 1972 194 2036 ferme
212 1968 382 2049 Numidae,
405 1973 537 2049 praeter
555 1965 653 2030 solita
675 1985 766 2029 arma
788 1963 917 2045 telaque
940 1963 1063 2047 gladios
1087 1963 1230 2028 occultos

88 2057 153 2122 sub
175 2055 286 2122 loricis
308 2053 475 2133 habentes,
499 2054 605 2136 specie
632 2051 872 2133 transfugarum
902 2072 973 2115 cum
997 2051 1038 2115 ab
1062 2050 1127 2114 suis
1156 2070 1231 2130 par·
1249 2087 1269 2135 3

91 2149 163 2208 inas
184 2147 272 2225 'post
301 2147 397 2230 ¹terga
431 2138 588 2213 habentes
622 2137 873 2219 adequitassent,
907 2144 1040 2219 repente
1072 2157 1112 2200 ex
1141 2136 1231 2217 equis

90 2228 248 2306 desiliunt
276 2227 461 2308 parmisque
484 2231 517 2290 et
545 2224 658 2289 iaculis
681 2229 756 2288 ante
785 2224 886 2305 pedes
907 2223 1049 2287 hostium
1079 2224 1232 2304 proiectis

93 2317 126 2380 in
150 2315 292 2379 mediam
314 2313 417 2377 aciem
440 2313 564 2393 accepti
591 2311 744 2390 ductique
774 2311 817 2373 ad
839 2309 970 2373 ultimos
994 2309 1160 2372 considere
1190 2307 1230 2372 ab

93 2409 187 2486 tergo
210 2399 371 2464 iubentur.
394 2418 433 2462 ac
456 2398 533 2462 dum
554 2396 712 2478 proelium
743 2395 784 2459 ab
808 2396 892 2458 omni
923 2402 1017 2476 parte
1041 2395 1230 2472 conseritur,

95 2485 200 2570 qureti
213 2491 418 2562 manserunt3
442 2492 616 2567 postquam
632 2486 775 2547 omnium
796 2485 919 2547 animos
936 2482 1113 2570 oculosque
1137 2506 1229 2548 occu·
1249 2516 1266 2564 4

93 2577 234 2656 paverat
264 2568 442 2649 certamen,
469 2576 539 2630 tum
571 2570 710 2652 arreptis
739 2571 847 2650 scutis,
882 2591 966 2655 quae
996 2572 1117 2656 passim
1146 2573 1231 2635 inter

93 2670 234 2721 acervos
249 2670 418 2719 caesorum
434 2673 607 2736 corporum
623 2665 725 2717 strata
748 2665 851 2738 erant,
876 2677 1023 2720 aversam
1040 2657 1232 2720 adoriuntur

93 2741 276 2806 Romanam
310 2740 413 2803 aciem
444 2749 601 2824 tergaque
634 2740 787 2804 ferientes
822 2763 860 2805 ac
892 2741 1033 2827 poplites
1057 2744 1231 2807 caedentes

90 2839 240 2911 stragem
249 2827 419 2909 >ingentem
441 2846 479 2888 ac
503 2827 659 2889 maiorem
682 2825 847 2912 aliquanto
873 2850 1029 2912 pavorem
1053 2851 1091 2893 ac
1113 2829 1231 2893 tumul-

91 2924 166 2978 tum
188 2912 348 2977 fecerunt.
386 2932 460 2975 cum
491 2909 568 2974 alibi
600 2921 705 2976 terror
737 2934 776 2976 ao
802 2913 889 2997 fuga,
925 2914 1003 2978 alibi
1026 2917 1177 3000 pertinax
1200 2917 1267 2995 in5

92 2998 183 3064 mala
203 2999 269 3063 iam
292 3019 350 3082 spc
372 2995 532 3082 proelium
550 3010 645 3078 esset,
663 2997 862 3080 Hasdrubal,
878 2994 943 3086 'qui
967 3023 1005 3064 ea
1020 3011 1113 3084 parte
1135 3023 1230 3086 prae·

90 3095 178 3168 erat,
201 3082 381 3149 subductos
404 3106 446 3147 ex
473 3084 581 3146 media
603 3086 672 3147 acie
693 3084 861 3168 Numidas,
886 3089 963 3171 quia
985 3089 1093 3169 segnis
1117 3109 1229 3150 eorum

91 3192 171 3236 cum
195 3171 343 3234 adversis
366 3175 478 3255 pugna
500 3179 578 3248 erat,
602 3170 644 3232 ad
660 3172 908 3256 persequendos
925 3173 1046 3258 passim
1068 3173 1230 3256 fugientes

91 3259 203 3339 mittit,
226 3256 392 3340 Hispanos
423 3265 455 3320 et
487 3253 599 3319 Gallos
632 3257 757 3343 equites
780 3256 869 3321 Afris
901 3281 1007 3343 prope
1041 3260 1106 3321 iam
1136 3256 1267 3326 fessise

90 3342 199 3408 caede
220 3344 325 3425 magis
371 3363 445 3406 uam
468 3363 577 3426 pugna
599 3342 754 3427 adiungit.

199 3426 325 3493 XLIX.
347 3363 444 3492 Harte
473 3426 574 3490 altera
597 3450 725 3513 pugnae
746 3428 877 3512 Paulus,
902 3452 1100 3515 quamquam
1122 3431 1228 3515 primo
1251 3453 1265 3501 1

90 3513 207 3577 'statim
229 3509 354 3593 proelio
377 3510 477 3575 funda
500 3512 640 3588 graviter
657 3515 741 3577 ictus
760 3514 876 3594 tuerat,
899 3519 1008 3580 tamen
1032 3527 1065 3581 et
1087 3518 1230 3581 occurrit
1248 3541 1264 3589 2

48 3655 50 3659 ,
90 3615 195 3681 saepe
218 3605 303 3662 cum?
324 3598 480 3665 confertis
517 3599 691 3664 Hannibali
728 3613 760 3665 et
791 3600 916 3687 aliquot
954 3603 1034 3666 locis
1068 3599 1228 3685 proelium

91 3688 246 3768 restituit,
285 3686 533 3772 protegentibus
572 3708 646 3750 eum
691 3686 854 3772 equitibus
891 3687 1054 3769 Romanis,
1100 3689 1228 3753 omissis

75 3775 271 3860 'postremo‘
287 3773 390 3859 equis,
414 3773 491 3859 quia
506 3771 673 3835 consulem
690 3782 721 3837 et
744 3773 786 3835 ad
802 3773 980 3856 regendum
997 3797 1117 3859 equum
1140 3776 1227 3840 vires

90 3856 317 3925 deficiebant·
337 3866 405 3922 tum
429 3859 633 3923 denuntianti
665 3859 808 3945 cuidam,
823 3860 975 3923 iussisse
1004 3858 1184 3922 incumbens
1202 3858 1254 3914 ab
1270 3879 1295 3920 a
1328 3933 1330 3936 y

105 3982 109 3988 .
1160 3952 1212 3998 xz*
