2738 4146
139 105 199 161 128
402 110 511 167 LIBER
529 118 600 168 XXI.
620 117 696 168 ΟΔΡ.
715 121 757 168 27.
775 119 817 168 28.
837 115 875 186 [a.
892 116 928 168 U.
944 111 973 167 c.¹
986 113 1059 184 636]

189 288 307 353 bantur
328 299 459 389 praeter
482 310 547 362 eos,
581 311 663 374 quos
686 291 836 353 instratos
858 287 1075 371 frenatosque,
1097 294 1135 351 ut
1157 284 1324 374 extemplo

190 397 322 458 egresso
354 396 387 438 in
420 377 524 462 ripam
557 376 656 460 equiti
686 376 759 440 usui
783 383 900 455 essent,
923 375 1134 460 inposuerant
1154 373 1188 435 in
1211 395 1321 438 naves.

155 478 169 526 1
274 460 435 525 XXVIII.
460 459 547 525 Galli
575 470 746 526 occursant
771 461 804 524 in
831 461 902 547 ripa
930 480 1004 524 cum
1027 458 1124 523 variis
1146 456 1324 525 ululatibus

189 557 351 632 cantuque
374 548 473 612 moris
496 548 546 610 sui
578 549 758 631 quatientes
781 555 873 611 scuta
895 567 994 632 super
1016 546 1123 632 capita
1144 544 1322 610 vibrantes·

155 649 170 696 a
189 653 253 717 que
276 633 399 697 dextris
422 631 496 715 tela,
522 654 720 718 quamquam
736 642 824 697 etex
841 632 979 696 adverso
1001 629 1147 694 terrebat
1168 639 1259 695 tanta
1273 632 1322 696 via
1336 692 1349 699 .

187 718 320 783 navium
352 741 425 791 oum
458 720 580 802 ingenti
603 741 682 784 sono
714 719 854 783 fluminis
878 727 910 781 et
933 717 1073 792 elamore
1095 716 1188 782 vario
1211 727 1320 781 nauta-

187 827 268 881 rum,
293 803 439 886 militum,
463 814 496 868 et
518 805 574 889 qui
597 804 782 869 nitebantur
796 825 1007 891 perrumpere
1029 804 1186 887 impetum
1217 800 1319 867 flumi-

151 907 166 954 a
187 891 247 971 nis,
272 899 305 954 et
327 891 382 975 qui
406 913 448 954 ex
471 890 573 955 altera
595 892 666 978 ripa
687 891 870 954 traicientes
894 911 969 954 suos
1001 886 1226 953 hortabantur.
1258 889 1320 953 iam

188 977 263 1039 satis
294 986 451 1061 paventes
478 977 616 1040 adverso
644 975 783 1041 tumultu
810 973 985 1040 terribilior
1007 974 1047 1037 ab
1071 984 1163 1056 tergo
1188 974 1320 1039 adortus

188 1061 311 1126 clamor
343 1062 456 1126 castris
486 1062 527 1125 ab
551 1063 711 1126 Hannone
740 1063 849 1149 captis.
873 1083 951 1126 mox
974 1060 1097 1146 etipse
1120 1060 1244 1141 aderat,
1268 1082 1320 1123 an·

188 1169 330 1232 cepsque
352 1158 458 1213 terror
479 1146 709 1213 circumstabat
730 1157 763 1212 et
784 1145 956 1211 enavibns
970 1155 1060 1210 tanta
1074 1145 1106 1208 vi
1122 1155 1319 1211 armatorum

152 1252 169 1300 4
187 1234 220 1297 in
235 1243 356 1298 terram
371 1235 530 1298 evadente
547 1244 579 1298 et
594 1235 634 1297 ab
651 1244 742 1318 tergo
758 1234 923 1321 inprovisa
961 1240 1106 1297 remonte
1122 1230 1318 1309 acienttalli,

186 1327 360 1405 postquam
382 1329 520 1405 utroque
541 1320 609 1385 vim
628 1319 737 1384 facere
760 1320 865 1384 conati
879 1256 1095 1405 pellebantur,
1119 1339 1186 1402 qua
1208 1328 1321 1405 patere

185 1408 292 1470 visum
314 1408 455 1470 maxime
479 1409 550 1486 iter,
581 1414 795 1493 perrumpunt
817 1405 1000 1491 trepidique
1023 1406 1055 1468 in
1085 1404 1176 1468 vicos
1200 1405 1320 1490 passim

188 1513 263 1555 suos
296 1490 475 1574 diffiigiunt.
507 1491 672 1556 Hannibal
702 1492 817 1555 ceteris
840 1492 941 1577 copiis
963 1512 1023 1577 per
1046 1493 1146 1554 otium
1168 1491 1318 1570 traiectis,

188 1599 344 1663 spernens
366 1580 432 1642 iam
455 1575 598 1642 Gallicos
620 1576 786 1660 tumultus,
810 1586 915 1641 castra
937 1574 1031 1641 locat.

151 1682 168 1730 s
272 1662 531 1749 Elephantorum
552 1664 803 1728 traiciendorum
824 1664 916 1725 varia
939 1659 1073 1726 consilia
1087 1660 1188 1725 larissa
1210 1659 1318 1739 oredo,

187 1757 275 1812 certe
298 1752 402 1814 variat
423 1752 579 1814 memoria
601 1759 692 1814 actae
706 1750 764 1813 rei.
788 1748 921 1833 quidam
937 1747 1140 1831 congregatis
1157 1745 1200 1809 ad
1214 1746 1318 1833 ripam

187 1833 365 1919 elephantis
396 1835 529 1899 tradunt
557 1835 793 1900 ferocissimum
815 1835 918 1899 exiis
940 1835 1103 1898 inritatum
1126 1831 1168 1897 ab
1191 1842 1318 1898 rectore

187 1943 256 2001 suo,
281 1942 356 1986 cum
377 1921 593 2003 refugientem
614 1924 646 1986 in
670 1943 789 2007 aquarn
812 1930 1011 2005 sequeretur,
1034 1927 1166 1983 nantem
1181 1921 1319 1983 traxisse

187 2028 330 2089 gregem,
351 2016 388 2070 ut
403 2028 566 2091 quemque
581 2007 749 2072 timentem
764 2006 966 2071 altitudinem
982 2006 1173 2070 destitueret
1185 2005 1361 2087 vadums

151 2093 310 2177 simpetu
339 2094 410 2177 ipso
442 2091 583 2156 fluminis
614 2095 647 2157 in
680 2092 814 2157 alteram
846 2094 949 2178 ripam
986 2092 1141 2177 rapiente·
1174 2092 1320 2155 ceterum

186 2179 289 2262 magis
320 2187 448 2243 constat
469 2178 593 2243 ratibus
607 2180 773 2257 traiectos3
804 2178 839 2240 id
861 2187 897 2242 ut
918 2180 1016 2242 tutius
1040 2175 1211 2242 consilium
1245 2184 1319 2241 ante

153 2286 256 2332 arem
277 2263 370 2347 soret,
392 2266 437 2328 ita
458 2273 531 2328 acta
552 2286 588 2327 re
611 2266 651 2328 ad
675 2264 775 2329 fidem
791 2266 924 2351 pronius
941 2272 998 2328 est.
1020 2272 1124 2328 ratem
1145 2284 1246 2327 unam
1262 2261 1317 2327 du·

186 2359 297 2415 centos
320 2349 451 2433 longam
472 2351 583 2437 pedes,
608 2352 839 2437 quinquaginta
860 2349 960 2414 latam
982 2371 1002 2412 a
1023 2358 1111 2413 terra
1132 2350 1165 2413 in
1189 2369 1318 2412 amnem

184 2446 409 2522 porrexerunt,
443 2460 550 2522 quam,
580 2459 621 2501 ne
652 2437 796 2502 secunda
825 2457 912 2522 aqua
943 2434 1132 2517 deferretur,
1168 2433 1318 2522 pluribus

184 2521 300 2586 validis
323 2522 510 2587 retinaculis
532 2533 624 2610 parte
656 2525 823 2610 superiore
844 2525 934 2608 ripae
965 2520 1134 2605 religatam
1156 2522 1265 2607 pontis
1286 2520 1319 2583 in

184 2608 319 2673 modum
340 2608 439 2673 humo
463 2610 579 2673 iniecta
594 2617 850 2688 constraverunt,
872 2617 909 2672 ut
923 2605 1040 2672 beluae
1056 2607 1215 2672 audacter
1229 2604 1319 2670 velut

149 2719 165 2766 8
185 2716 244 2780 per
267 2693 370 2758 solum
394 2695 651 2777 ingrederentur.
676 2694 778 2758 altera
800 2695 876 2758 ratis
892 2715 998 2779 aeque
1013 2692 1088 2771 lata,
1102 2690 1202 2777 longa
1217 2691 1318 2780 pedes

186 2789 325 2861 centum,
350 2779 389 2841 ad
414 2781 628 2844 traiciendum
650 2779 770 2844 flumen
790 2789 873 2867 apta,
896 2779 976 2844 huio'
995 2778 1147 2866 copulata
1164 2787 1228 2861 est3
1250 2787 1319 2843 tum

187 2863 350 2950 elephanti
372 2887 432 2951 per
455 2865 603 2930 stabilem
625 2876 728 2930 ratem
758 2876 923 2951 tamquam
954 2867 1041 2930 viam
1061 2865 1318 2953 praegredienti-

185 2949 247 3014 bus
276 2950 400 3015 feminis
423 2955 495 3032 acti,
518 2951 579 3039 ubi,
594 2955 626 3016 in
642 2954 800 3017 minorem
816 2951 1009 3038 adplicatam
1023 2952 1221 3034 transgressi
1235 2958 1318 3043 sunt,

148 3051 163 3095 o
186 3036 349 3123 extemplo
373 3038 533 3119 resolutis,
557 3038 675 3123 quibus
697 3037 812 3103 leviter
834 3039 963 3101 adnexa
986 3046 1063 3120 erat,
1095 3035 1245 3119 vinculis,
1277 3034 1318 3099 ab

137 3140 167 3186 ro
187 3125 336 3186 actuariis
360 3120 484 3208 aliquot
504 3123 641 3188 navibus
665 3124 707 3186 ad
730 3124 863 3188 alteram
895 3124 1001 3210 ripam
1032 3122 1243 3209 pertrahitur.
1274 3122 1319 3187 ia

185 3209 297 3295 primis
321 3212 475 3296 expositis
498 3208 552 3273 alii
576 3210 692 3273 deinde
708 3211 837 3297 repetiti
851 3230 891 3273 ao
903 3209 1029 3274 traiecti
1046 3217 1129 3275 sunt
1144 3206 1227 3275 nihil
1241 3228 1318 3273 sane

185 3295 399 3381 trepidabant,
426 3295 531 3360 donee
554 3298 727 3361 continenti
751 3294 839 3361 velut
859 3304 958 3381 ponte
982 3304 1172 3380 agerentiam
1192 3296 1317 3383 primu·

186 3391 255 3444 erat
276 3403 389 3467 pavor,
412 3404 486 3446 oum
508 3380 613 3446 soluta
634 3383 675 3446 ab
700 3384 815 3456 ceteris
841 3389 911 3447 rate
935 3381 972 3461 in
993 3381 1093 3447 altum
1115 3388 1316 3471 raperentur·
1358 3452 1361 3463 ,

137 3481 165 3526 11
185 3467 230 3530 ibi
252 3477 404 3551 urgentes
426 3468 509 3531 inter
531 3490 576 3548 se,
600 3468 790 3533 cedentibus
816 3469 971 3533 extremis
991 3466 1039 3533 ab·
1056 3486 1155 3528 uua.
1174 3464 1330 3536 nanda.
1358 3494 1361 3513 =

185 3553 281 3616 tionis
304 3552 504 3639 aliquantum
527 3553 676 3638 edebant,
700 3554 805 3619 donec
827 3554 903 3632 quis

136 3653 167 3699 12
189 3639 411 3724 spectantibus
434 3660 553 3724 aquam
574 3639 713 3704 fecisset.
736 3638 835 3705 excid·

186 3723 316 3787 damin
338 3723 473 3806 flumen3
496 3726 552 3789 sed
576 3726 722 3813 pondere
742 3728 807 3813 ips?

185 3811 380 3893 quaerendis
402 3811 603 3896 pedetentim
625 3812 718 3877 vadis
737 3812 769 3877 ir
