2738 4146
346 178 566 242 1111001110.
585 178 660 229 car.
680 183 720 229 ar.
738 180 780 227 aa.
800 176 884 244 [011.
903 195 925 227 o.
944 177 1012 246 1111.
1206 165 1266 223 175

94 351 238 433 regionis
262 371 341 414 suae
362 352 519 414 miserant
533 348 657 430 legatos
673 348 869 433 obsidesque
885 349 1041 412 dederant
1055 349 1217 432 Romanis,

92 436 203 498 nuntio
227 435 326 499 misso
350 457 370 498 a
392 434 543 520 Scipione
567 435 666 497 exciti
689 455 779 496 arma
802 434 932 518 capiunt
953 436 1216 519 provinciamque

92 520 411 602 Carthaginiensium
441 518 551 582 valido
583 520 729 582 exercitu
759 520 923 581 invadunt.
958 520 1019 582 tria
1042 519 1163 603 oppida
1184 520 1253 584 vi8

92 615 302 690 expugnant3
317 602 394 669 inde
410 628 482 669 cum
499 606 568 689 ipso
585 602 792 667 Hasdrubale
809 603 934 666 duobus
944 604 1074 688 proeliis
1085 605 1215 688 egregie

92 701 257 777 pugnaut;
289 690 330 754 ad
363 690 547 776 quindecim
569 689 1039 772 011110110011111110001110111111,
1065 700 1217 775 quattuor
1309 726 1312 733 ·

93 778 184 840 milia
208 799 282 840 cum
304 774 413 839 multis
437 774 629 838 militaribus
653 775 751 853 signis
775 775 915 857 capiunt.

179 860 282 925 XXII.
311 861 382 925 Hoc
409 866 494 925 statu
520 884 625 925 rerum
651 861 685 925 in
711 859 864 944 Hispania
891 861 926 924 P.
950 860 1054 945 Scipio
1079 863 1112 926 in
1141 879 1251 946 pro-1

93 946 232 1009 vinciam
258 947 344 1008 venit
371 949 541 1028 prorogato
568 949 640 1028 post
662 947 861 1008 consulatum
883 947 1013 1029 imperio
1036 946 1075 1009 ab
1102 955 1213 1011 senatu

93 1031 208 1093 missus
237 1051 308 1092 cum
336 1031 468 1112 triginta
494 1028 596 1113 longis
617 1029 748 1092 navibus
776 1033 806 1092 et
832 1034 904 1093 octo
926 1030 1052 1093 milibus
1077 1031 1213 1094 militum

93 1135 275 1197 magnoque
306 1118 484 1177 commeatu
505 1113 641 1188 advecto.
669 1135 706 1174 00
728 1113 834 1176 0100010
855 1114 966 1197 ingens
989 1115 1112 1197 agmine
1141 1128 1249 1179 one-a

92 1199 250 1260 rariarum
277 1196 388 1279 procul
416 1197 484 1260 visa
509 1219 580 1260 cum
607 1217 721 1280 magna
753 1197 870 1259 laetitia
897 1198 1012 1260 civium
1042 1199 1213 1263 sociorum·

92 1302 155 1363 que
190 1284 320 1363 portum
346 1281 531 1344 Tarraconis
561 1303 600 1343 ex
633 1280 697 1343 alto
728 1280 836 1344 tenuit.
866 1281 911 1344 ibi
941 1282 1039 1346 milite
1070 1283 1211 1364 exposito

91 1365 255 1446 profectus
290 1363 393 1446 Scipio
424 1365 516 1427 fratri
550 1386 583 1428 00
618 1365 792 1447 coniungit,
832 1386 868 1427 ac
909 1365 1018 1428 deiude
1057 1369 1251 1430 communia

91 1450 199 1511 animo
225 1448 418 1532 consilioque
440 1448 592 1532 gerebant
613 1447 739 1511 bellum.
763 1449 921 1512 occubatis
935 1450 1033 1532 igitur
1045 1448 1209 1532 Carthagi·
1232 1465 1249 1510 4

91 1532 256 1595 aiensibus
283 1531 466 1595 Celtiberico
493 1531 576 1595 bello
607 1532 692 1594 haud
724 1535 906 1595 cunctanter
927 1531 1080 1596 Hiberum
1110 1538 1212 1598 trans-

92 1616 282 1697 grediuntur
303 1637 361 1679 nec
382 1615 447 1679 ullo
470 1617 536 1679 viso
563 1615 653 1678 hoste
680 1614 856 1698 Saguntum
883 1623 1019 1698 pergunt
1045 1618 1098 1691 ire,
1128 1619 1211 1700 quod

90 1700 137 1762 ibi
164 1699 288 1763 obsides
310 1700 406 1763 totius
427 1697 599 1786 Hispaniae
625 1700 756 1762 traditos
779 1700 818 1762 ab
840 1698 1017 1763 Hannibale
1039 1701 1123 1764 10010
1145 1707 1212 1765 erat

90 1787 223 1850 modico
246 1788 278 1848 iu
302 1808 377 1850 arce
400 1788 553 1849 custodiri
568 1786 740 1872 praesidio.
757 1787 788 1848 id
805 1809 904 1850 unum
916 1790 1030 1871 pignus
1044 1789 1211 1854 inclinatos
1233 1813 1249 1861 5

92 1872 134 1935 ad
158 1871 340 1935 Romanam
363 1872 550 1936 societatem
573 1873 714 1935 omnium
737 1872 915 1958 Hispaniae
937 1872 1130 1958 populorum
1147 1878 1212 1938 ani-

90 1979 163 2021 mos
195 1957 394 2040 morabatur,
425 1978 467 2020 ne
499 1959 653 2039 sanguine
676 1957 812 2022 liberum
836 1981 966 2022 suorum
989 1959 1084 2044 culpa
1108 1962 1213 2026 defec-

92 2044 189 2106 tionis
212 2042 365 2106 1110101111.
391 2063 428 2106 00
451 2042 579 2107 vinculo
602 2043 792 2127 Hispaniam
814 2045 865 2108 vir
878 2067 960 2107 unus
976 2043 1097 2109 sollerti
1111 2049 1214 2128 magis
1232 2073 1247 2118 0

91 2149 190 2212 quam
222 2127 310 2192 fideli
342 2127 475 2192 consilio
507 2127 655 2191 exsolvit.
686 2127 818 2193 Abelux
846 2139 914 2194 0101
942 2130 1074 2213 Sagunti
1096 2133 1213 2197 nobilis

91 2213 153 2276 His
180 2235 268 2296 anus,
299 2212 384 2277 fidus
417 2222 490 2277 ante
521 2213 653 2295 Poenis;
686 2224 763 2297 tum,
796 2215 904 2300 qualia
926 2215 1117 2302 plerumque
1140 2230 1248 2292 sunta
1329 2243 1330 2247 ¹

92 2236 307 2362 barbarorum
329 2301 467 2381 ingenia,
492 2320 567 2362 cum
589 2299 717 2363 fortuna
738 2310 921 2364 mutaverat
942 2301 1051 2365 fidem.
1069 2313 1212 2368 ceterum

92 2384 293 2467 transfugam
317 2386 385 2447 sine
408 2406 544 2466 magnae
566 2386 613 2448 rei
636 2386 818 2470 proditione
840 2388 1023 2450 venientem
1046 2388 1087 2450 ad
1103 2388 1212 2454 hostes

91 2470 170 2531 011111
193 2468 279 2532 aliud
304 2492 402 2555 quarn
424 2491 522 2532 unum
545 2469 608 2531 vile
633 2481 729 2554 atque
751 2471 869 2534 infame
892 2493 1008 2556 corpus
1031 2494 1101 2536 esse
1124 2483 1212 2538 101110

90 2555 125 2617 id
157 2554 285 2638 agebat,
317 2565 354 2618 ut
385 2576 482 2639 quam
514 2557 689 2618 maximum
720 2555 970 2620 emolumentum
1002 2559 1095 2621 novis
1118 2561 1213 2625 sociis

93 2650 190 2704 esset.
222 2641 464 2728 circumspectis
486 2641 583 2723 igitur
607 2640 764 2722 omnibus,
789 2664 872 2726 quae
895 2642 1022 2706 fortuna
1044 2646 1212 2727 110100101ἱο

94 2727 163 2788 eius
186 2735 315 2809 poterat
337 2725 453 2799 facere,
477 2725 642 2788 obsidibus
665 2727 867 2810 potissimum
889 2728 1055 2792 tradendis
1072 2732 1248 2796 0010111018

89 2811 221 2893 adiecit,
245 2833 316 2874 eam
338 2833 436 2874 unam
457 2833 525 2874 1010
548 2812 688 2874 maxime
700 2822 789 2876 ratus
805 2812 1045 2878 conciliaturam
1060 2815 1212 2882 Romanis

91 2898 274 2982 principum
306 2895 484 2979 Hispaniae
516 2897 697 2960 amicitiam.
730 2899 786 2963 sed
819 2922 891 2963 cum
919 2901 1041 2964 iniussu
1066 2902 1247 2968 Bostariso

94 2981 253 3065 praefecti
285 2983 362 3045 satis
394 2983 491 3045 sciret
520 2981 598 3044 nihil
622 2983 770 3047 obsidum
794 2986 944 3049 custodes
966 2986 1106 3050 facturos
1130 3011 1210 3072 esse,

92 3068 263 3131 Bostarem
285 3069 392 3151 ipsum
408 3076 477 3129 arte
499 3066 696 3150 adgreditur.
721 3080 826 3131 castra
849 3080 942 3133 extra
963 3072 1078 3135 urbem
1092 3073 1123 3134 10
1140 3075 1210 3159 ipso
1230 3093 1263 3140 10

89 3152 184 3218 litore
195 3151 340 3216 habebat
348 3152 473 3231 Bostar,
484 3161 520 3215 ut
529 3153 649 3216 aditum
661 3175 700 3215 ea
709 3164 800 3236 parte
809 3154 1039 3220 intercluderet
1050 3157 1211 3223 Romanis.

89 3237 135 3302 ibi
159 3260 233 3301 eum
256 3240 289 3302 10
312 3249 472 3301 secretum
495 3237 670 3302 abductum
692 3238 781 3302 velut
795 3240 996 3322 ignorantem
1011 3254 1129 3323 monet,
1146 3264 1209 3326 quo

90 3333 177 3388 statu
205 3325 245 3387 sit
272 3346 339 3387 res:
363 3335 484 3386 metum
508 3326 701 3387 continuisse
723 3324 764 3386 ad
788 3346 859 3387 0010
882 3326 967 3390 diem
990 3327 1208 3410 Hispanorum
1227 3350 1257 3398 11

93 3411 227 3491 animos,
261 3412 337 3492 quia
370 3408 483 3493 procul
514 3409 650 3473 Romani
681 3409 846 3473 abessent:
874 3433 960 3473 nunc
983 3413 1028 3474 cis
1051 3412 1209 3478 Hiberum

87 3505 196 3558 castra
218 3493 363 3558 Romana
386 3517 466 3575 0000,
483 3516 590 3557 arcem
605 3504 707 3558 tutam
722 3495 968 3580 perfugiumque
982 3519 1083 3561 novas
1099 3497 1208 3562 volen-

89 3580 176 3644 tibus
199 3597 268 3644 res:
292 3581 412 3665 itaque,
436 3601 517 3664 quos
539 3590 644 3642 metus
665 3602 730 3644 non
752 3589 870 3664 teneat,
887 3581 1045 3646 beneficio
1058 3593 1090 3646 01
1105 3586 1209 3666 gratia

89 3665 322 3731 devinciendos
347 3687 427 3728 esse.
444 3665 571 3726 miranti
586 3665 714 3728 Bostari
729 3668 1026 3751 percunctantique,
1043 3670 1207 3752 quodnam
1226 3695 1259 3742 12

89 3751 123 3816 id
156 3751 299 3816 subitum
326 3760 433 3814 tantae
460 3751 507 3813 rei
532 3750 649 3813 donum
674 3761 783 3834 posset
806 3775 886 3833 esse,
911 3751 1080 3833 „obsides“
1105 3756 1207 3843 inquit

89 3834 144 3900 “in
175 3838 322 3901 civitates
353 3837 490 3900 remitte.
521 3836 556 3898 id
588 3845 621 3899 et
651 3838 802 3922 privatim
833 3837 1034 3924 pauentibus¹
1067 3863 1209 3927 quorum
1225 3867 1263 3913 m
