2738 4146
338 116 446 164 LIBER
464 117 485 166 1.
504 115 579 167 OAP.
599 119 639 166 35.
659 120 699 167 36.
719 115 755 184 [a.
773 119 806 170 U.
825 134 847 170 c.
867 117 1015 186 raa-rto]
1227 105 1265 162 33

90 284 122 346 in
145 293 255 368 patres
278 284 367 369 legit,
392 288 447 371 qui
471 287 588 351 deinde
611 290 770 352 minorum
794 290 937 371 gentium
961 299 1035 351 sunt
1050 288 1215 373 appellati,

90 368 191 434 factio
214 369 302 433 lraud
327 371 425 435 dubia
448 374 543 456 regis,
568 374 658 437 ouius
681 373 840 438 beneficio
862 374 1033 437 incuriam
1049 384 1215 439 venerant.

193 455 321 520 Bellum
353 458 493 543 primu-m
527 482 599 523 cum
631 460 755 524 Latinis
786 461 886 542 gessit
919 469 951 524 et
983 461 1138 544 oppidum
1170 460 1249 526 ibit

90 539 227 626 Apiolas
250 544 280 606 vi
307 545 392 628 cepit
414 545 601 631 praedaque
622 547 700 609 inde
724 548 855 625 maiore,
880 568 976 630 quam
1001 555 1122 631 quanta
1138 545 1215 610 belli

90 627 177 690 fania
199 628 313 711 fuerat,
336 640 467 694 revecta
499 630 592 695 ludos
626 632 809 714 opulentius
842 633 1094 716 instructiusque
1118 655 1214 717 quam

91 713 217 797 priores
239 737 334 798 reges
356 714 442 779 fecit.
480 726 556 781 tune
578 719 719 802 primum
741 720 836 797 circo,
867 718 922 801 qui
944 740 1028 780 nunc
1052 721 1213 781 maximus
1233 738 1248 784 8

92 799 220 879 dicitur,
245 801 429 884 designatus
453 803 542 867 locus
566 812 624 867 est.
649 803 720 867 loca
744 804 847 868 divisa
869 802 1016 888 patribus
1039 804 1215 887 equitibus·
1235 788 1267 814 Ν

93 907 167 969 que,
198 884 255 949 ubi
289 887 475 971 spectacula
506 889 567 953 sibi
601 892 738 976 quisque
760 889 917 970 lacerent3
955 889 1016 952 fori
1047 889 1213 974 appellati.

92 980 283 1054 spectavere
306 974 403 1037 furcis
427 974 595 1039 duodenos
628 975 668 1038 ab
692 985 779 1039 terra
811 974 996 1058 spectacula
1027 974 1092 1037 alta
1124 977 1251 1042 susti-9

95 1058 245 1120 nantibus
268 1058 380 1142 pedes.
417 1057 579 1124 ludicrum
600 1060 660 1124 fuit
683 1062 759 1148 equi
782 1060 985 1146 pugilesque,
1019 1083 1061 1123 ex
1086 1062 1215 1124 Etruria

94 1144 235 1206 maxime
258 1145 361 1207 acciti.
400 1144 573 1211 sollemnes
605 1147 723 1210 deinde
755 1150 850 1209 annui
873 1169 1021 1210 mansere
1044 1146 1122 1227 ludi,
1153 1147 1215 1210 Ro-

93 1230 178 1290 mani
209 1231 383 1315 magnique
417 1233 507 1294 varie
538 1232 702 1318 appellati.
740 1233 781 1296 ab
814 1233 931 1296 eodem
962 1255 1039 1316 rege
1072 1242 1105 1296 et
1128 1234 1269 1301 circam

93 1313 198 1376 forum
222 1318 357 1401 privatis
381 1317 582 1382 aedificanda
606 1318 710 1384 divisa
732 1329 807 1382 sunt
829 1317 915 1400 loca3
943 1321 1086 1402 porticus
1110 1319 1215 1382 taber·

91 1421 218 1485 uaeque
238 1400 353 1466 factae.

195 1486 353 1554 XXXVI.
391 1487 485 1551 Muro
524 1511 653 1575 quoque
691 1488 820 1574 lapideo
859 1490 1062 1552 circumdare
1099 1488 1250 1561 urbem1

92 1570 239 1656 parabat,
264 1568 338 1637 cum
360 1572 517 1639 Sabinum
543 1574 662 1638 bellurn
687 1576 811 1659 coeptis
844 1576 1026 1640 intervenit.
1066 1574 1215 1661 adeoque

93 1680 131 1721 ea
163 1659 269 1722 subita
302 1682 354 1724 res
385 1660 454 1742 fuit,
491 1669 528 1724 ut
564 1664 653 1746 prius
690 1660 850 1724 Anienem
888 1663 1062 1724 transirent
1093 1660 1215 1741 hostes,

93 1765 191 1828 quam
225 1745 354 1809 obviam
386 1747 434 1810 ire
462 1767 500 1809 ac
523 1746 699 1831 prohibere
723 1748 885 1809 exercitus
908 1746 1072 1810 Romanus
1095 1756 1215 1831 posset.

91 1829 200 1914 itaque
223 1832 422 1916 trepidatum
436 1831 559 1897 Romae
581 1843 639 1897 est.
664 1842 697 1896 et
711 1834 816 1918 primo
832 1831 931 1896 dubia
946 1834 1083 1897 victoria
1099 1853 1217 1915 magna
1235 1856 1250 1903 2

91 1920 255 2002 utrimque
287 1919 388 1982 caede
419 1927 598 2002 pugnatum
634 1928 692 1982 est.
729 1919 872 1982 reductis
905 1918 1022 1981 deinde
1056 1919 1087 1980 in
1110 1928 1216 1981 castra

91 2001 232 2066 hostium
267 2005 368 2088 copiis
401 2004 542 2090 datoque
575 2006 678 2088 spatio
702 2005 854 2068 Romanis
887 2004 928 2067 ad
961 2004 1214 2088 comparandum

92 2088 133 2150 de
156 2089 283 2164 integro
307 2089 428 2153 bellurn
451 2089 656 2176 Tarquinius,
681 2092 822 2175 equitem
846 2091 988 2153 maxime
1012 2091 1077 2153 suis
1100 2090 1215 2153 deesse

89 2172 215 2237 viribus
239 2185 327 2239 ratus
351 2177 392 2238 ad
408 2174 559 2256 Ramnes,
583 2176 753 2257 Titienses,
778 2176 929 2256 Luceres,
955 2198 1035 2260 quas
1052 2176 1215 2239 centurias

89 2259 247 2329 Romulus
270 2263 454 2346 scripserat,
488 2263 609 2326 addere
637 2262 715 2325 alias
740 2263 904 2326 constituit
927 2283 1051 2347 suoque
1074 2263 1216 2343 insignes
1215 2318 1234 2347 a

91 2343 275 2432 relinquere
309 2351 448 2412 nomine.
486 2349 520 2411 id
583 2349 634 2410 uia
665 2349 856 2430 inaugurato
891 2347 1049 2411 Romulus
1080 2338 1249 2428 lecerat&

90 2454 210 2514 negare
234 2434 329 2498 Attus
350 2434 483 2509 Navius,
517 2371 645 2497 indlitus
679 2455 717 2496 ea
739 2445 933 2517 tempestate
964 2454 1076 2515 augur,
1109 2455 1215 2517 neque

90 2519 209 2582 mutari
230 2541 337 2605 neque
359 2541 480 2584 novum
505 2521 664 2592 constitui,
688 2520 749 2583 nisi
772 2541 849 2583 aues
872 2518 1083 2594 addixissent,
1107 2539 1214 2602 posse.

91 2625 133 2667 ex
156 2626 193 2668 eo
216 2605 264 2668 ira
286 2608 356 2689 regi
372 2605 693 2691 mota‚eludensque
709 2616 823 2686 artem,
847 2603 1213 2691 utfe1·unt„,agedum“
1234 2616 1251 2664 4

88 2691 203 2775 inquit,
228 2692 358 2772 „divine
381 2701 426 2774 tu,
449 2693 616 2776 inaugura,
648 2691 760 2754 fierine
784 2693 896 2774 possit,
931 2691 1019 2776 quod
1043 2712 1128 2752 nunc
1151 2711 1213 2772 ego

90 2785 197 2840 mente
221 2777 398 2862 concipio“.
438 2778 588 2842 camille
616 2779 750 2861 augurio
783 2800 851 2841 rem
887 2786 1041 2860 expertus
1065 2775 1213 2860 profecto

88 2861 231 2925 futuram
255 2864 400 2945 dixisset,
425 2866 536 2950 „atqui
558 2864 622 2929 hoc
644 2866 750 2927 animo
774 2864 911 2947 agitavi“
938 2864 1052 2947 inquit,
1083 2872 1134 2944 „te
1157 2883 1213 2925 no-

88 2948 207 3013 vacula
229 2959 334 3014 cotem
358 2951 582 3032 discissarum,
605 2972 685 3036 cape
708 2949 790 3012 haec
813 2959 845 3012 et
868 2971 999 3035 perage,
1023 2947 1110 3033 quod
1137 2969 1214 3011 aves

87 3044 166 3099 tuae
186 3035 259 3100 fieri
288 3057 386 3121 posse
417 3036 647 3120 portenduntl.
684 3045 752 3098 tum
786 3033 876 3097 illum
907 3034 995 3097 haud
1028 3041 1215 3096 cunctanter

89 3120 258 3187 discidisse
281 3131 385 3187 cotem
408 3121 524 3186 ferunt.
564 3131 670 3185 statua
692 3119 761 3183 Atti
795 3123 901 3204 capite
934 3118 1052 3200 velato,
1089 3141 1152 3203 qno
1181 3119 1249 3181 ina

87 3204 160 3271 loco
183 3231 236 3273 res
260 3218 333 3272 acta
356 3217 414 3286 est,
447 3208 479 3270 in
512 3209 640 3271 comitio
672 3207 704 3270 in
740 3207 895 3290 gradibus
917 3206 996 3290 ipsis
1020 3204 1061 3266 ad
1085 3202 1215 3266 laevam

89 3295 198 3356 curiae
221 3294 295 3374 fuit3
328 3304 433 3358 cotem
458 3316 588 3380 quoque
612 3293 725 3356 eodem
750 3292 820 3356 loco
854 3293 947 3355 sitam
970 3291 1069 3353 fuisse
1093 3312 1213 3353 merno-

88 3389 170 3462 rant,
196 3390 231 3444 nt
254 3390 339 3444 esset
361 3380 402 3443 ad
426 3389 574 3464 posteros
597 3377 743 3442 miraculi
760 3379 828 3440 eius
845 3386 1096 3440 monumentum.
1114 3399 1212 3457 augu·
1234 3390 1249 3437 o

87 3467 144 3529 riis
168 3476 256 3530 certe
278 3467 528 3551 sacerdotioque
550 3486 709 3549 augurum
733 3473 839 3527 tantus
862 3463 965 3526 honos
997 3463 1142 3544 accessit,
1179 3473 1215 3524 nt

86 3551 168 3615 nihil
189 3550 269 3618 belli
292 3553 445 3639 domique
467 3561 584 3636 postea
605 3552 666 3614 nisi
689 3551 854 3636 auspicato
877 3558 1056 3631 gereretur,
1081 3547 1216 3611 concilia

87 3636 211 3724 populi,
235 3639 399 3704 exercitus
420 3638 538 3718 vocati,
571 3658 838 3711 summa-rerum,
871 3635 928 3700 ubi
960 3656 1037 3699 aves
1069 3656 1133 3697 non
1157 3634 1212 3695 ad-

87 3725 260 3808 misissent,
285 3725 520 3788 dirimerentur.
557 3745 664 3807 neque
697 3730 764 3785 tum
788 3721 984 3806 Tarquinius
1006 3720 1051 3782 de
1073 3720 1264 3809 squama

88 3812 240 3876 centuriis
264 3812 436 3897 quicquam
459 3810 613 3894 mutavit3
635 3832 775 3876 numero
800 3806 1102 3874 alterumtantum
1114 3797 1261 3928 anxee‘gz,

129 3911 150 3945 Τ,
159 3911 202 3946 mv.
212 3912 229 3946 L
