2738 4146
354 127 464 176 alneu
479 127 566 175 xxss.
583 127 660 175 car.
677 129 720 176 rs.
738 130 781 176 ιῑ.
799 127 834 193 ξι
851 127 886 177 ι’.
902 144 926 177 e
943 126 1015 195 saal.
1207 113 1268 170 171

192 298 285 364 XVI.
309 299 446 363 Postero
478 299 532 362 die
553 298 666 377 Poeni,
698 299 787 384 qnod
808 300 883 362 siae
905 300 990 362 inter
1012 297 1089 362 bina
1111 308 1218 362 castra
1243 314 1257 360 1

87 398 170 472 erat,
193 387 322 471 agmine
345 383 550 469 conplevere.
582 407 657 448 cum
678 385 814 447 Romani
829 384 891 447 sub
906 386 979 470 ipso
995 386 1218 448 constitissent
1241 401 1257 447 a

88 473 176 539 vallo
201 472 289 536 haud
313 469 411 534 dubie
433 472 587 556 aequiore
602 469 685 552 loco,
700 472 857 533 successit
872 484 980 534 tamen
996 469 1127 534 Poenus
1144 493 1216 534 cum

89 559 255 644 expeditis
271 557 500 642 equitibusque
514 557 556 619 ad
572 555 798 620 lacessendum
814 555 952 622 bostem.
969 558 1107 642 carptim
1117 557 1218 621 Poeni

90 658 123 711 et
154 643 380 731 procursando
414 643 669 727 recipiendoque
696 664 769 705 sese
791 664 995 726 pugnavere3
1018 644 1139 706 restitit
1160 664 1219 706 suo
1239 658 1255 706 3

89 734 164 798 loco
181 731 327 794 Romana
342 729 439 791 acies.
462 728 551 791 lenta
564 750 675 812 pugna
697 740 731 791 et
750 750 794 791 ex
809 728 977 791 dictatoris
996 730 1099 812 magis
1122 750 1219 815 quam

90 814 284 881 Hannibalis
314 814 376 877 fuit
405 812 583 878 voluntate.
616 815 748 877 ducenti
781 813 823 876 ab
851 814 1013 896 Romanis,
1043 815 1219 897 octingenti

89 905 233 969 hostium
256 901 416 964 cecidere.
438 898 581 962 inclusus
603 901 678 963 inde
700 900 806 962 rideri
823 898 987 963 Hannibal
1002 900 1057 964 ria
1072 901 1113 962 ad
1131 899 1219 964 Oasi-
1240 916 1257 965 4

90 989 193 1053 linum
216 987 359 1066 obsessa,
383 1007 456 1049 cum
480 984 594 1070 Capua
616 997 650 1048 et
671 985 837 1049 Samnium
860 995 893 1049 et
914 996 1040 1050 tantum
1062 985 1104 1048 ab
1127 996 1219 1067 tergo

89 1076 229 1140 divitum
260 1073 421 1136 sociorum
452 1071 606 1135 Romanis
633 1082 831 1135 commeatus
856 1070 1066 1152 subveheret,
1091 1072 1255 1136 Poenusc

90 1165 176 1225 inter
207 1159 382 1223 Formiana
412 1178 493 1222 saxa
523 1179 561 1220 ac
593 1155 717 1220 Literni
750 1178 866 1220 arenas
897 1168 990 1240 stagn
1036 1180 1078 1222 ue
1105 1165 1139 1221 et
1160 1179 1220 1240 per

89 1245 243 1310 horridas
276 1244 373 1306 silvas
406 1242 632 1306 hibernaturus
660 1251 755 1307 esset
782 1264 845 1306 nec
868 1242 1020 1306 Hanniba
1033 1266 1085 1307 em
1107 1241 1220 1306 fefellit

89 1335 156 1398 suis
178 1353 215 1396 se
238 1329 361 1394 artibus
382 1330 460 1413 peti.
482 1328 593 1414 itaque
615 1351 688 1392 cnm
711 1351 771 1414 per
792 1327 968 1393 Casilinum
993 1329 1218 1400 evaderenon

89 1426 214 1505 posset,
242 1415 441 1500 petendique
463 1425 591 1478 montes
612 1426 647 1477 et
667 1416 778 1498 iugum
801 1413 979 1479 Calliculae
999 1415 1219 1500 superandum

89 1513 187 1585 esset,
202 1500 322 1565 necubi
336 1501 501 1564 Romanus
516 1499 676 1564 inclusum
686 1498 826 1563 vallibus
841 1522 957 1582 agmen
972 1500 1218 1585 adgrederetur,
1241 1521 1257 1568 c

88 1589 269 1653 ludibrium
292 1585 461 1651 oculorum
484 1587 594 1671 specie
616 1584 762 1650 terribile
783 1586 826 1648 ad
848 1586 1070 1650 frustrandum
1093 1586 1219 1650 hostem

89 1681 305 1747 commentus,
340 1673 499 1758 principio
534 1673 639 1735 noctis
669 1671 778 1737 firrtim
810 1673 988 1735 succedere
1020 1672 1062 1734 ad
1093 1682 1253 1740 montesr

91 1761 215 1826 statuit.
248 1758 372 1822 fallacis
404 1757 529 1821 consilii
559 1757 633 1820 talis
664 1768 841 1842 apparatus
867 1757 940 1820 fuit:
965 1758 1053 1821 faces
1075 1758 1219 1842 undique

47 1904 50 1909 ,
89 1870 133 1912 ex
155 1846 244 1930 agris
267 1843 423 1908 collectae
445 1843 617 1929 fascesque
647 1845 812 1926 virgarum
839 1854 938 1928 atque
961 1844 1043 1906 aridi
1066 1844 1219 1906 sarmenti

90 1933 317 2018 praeligantur
352 1929 503 1994 cornibus
539 1928 648 2009 boum,
689 1951 771 2015 quos
808 1930 948 1993 domitos
979 1929 1220 2014 indomitosque

89 2017 211 2083 multos
243 2018 327 2080 inter
358 2027 499 2079 ceteram
531 2024 704 2098 agrestem¹
726 2015 883 2101 praedam
915 2014 1043 2099 agebat.
1082 2015 1122 2078 ad
1155 2016 1257 2087 duos

89 2103 181 2168 milia
211 2102 315 2167 ferme
347 2101 445 2165 boum
470 2102 595 2183 effecta,
619 2101 886 2187 Hasdrubalique
908 2103 1074 2184 negotium
1097 2102 1219 2182 datum,

89 2200 128 2254 ut
152 2197 251 2253 nocte
277 2188 310 2250 id
338 2196 518 2251 armentum
541 2188 687 2251 accensis
710 2187 860 2250 cornibus
883 2188 925 2250 ad
949 2197 1075 2251 montes
1098 2196 1219 2270 ageret,

88 2276 244 2356 maxime,
266 2275 293 2338 si
316 2282 438 2359 posset,
461 2295 562 2358 super
583 2272 683 2337 saltus
706 2272 747 2337 ab
772 2273 865 2335 hoste
887 2275 1038 2337 insessos.

198 2359 307 2424 XVII.
330 2359 448 2422 Primis
471 2358 616 2422 tenebris
639 2357 766 2422 silentio
790 2369 877 2422 mota
901 2369 1021 2440 castra3
1044 2357 1147 2422 boves
1164 2355 1252 2430 ali-1

93 2455 217 2533 quanto
250 2456 325 2508 ante
358 2447 450 2527 signa
481 2446 554 2509 acti.
577 2443 634 2507 ubi
665 2443 706 2508 ad
738 2445 865 2508 radices
896 2445 1052 2531 montium
1084 2445 1251 2528 viasquer

91 2541 248 2617 angustas
280 2542 414 2595 ventum
446 2540 505 2610 est,
540 2532 668 2614 signum
695 2528 860 2613 extemplo
889 2527 993 2609 datur,
1016 2537 1052 2591 ut
1075 2529 1218 2592 accensis

91 2617 246 2684 cornibus
269 2627 416 2680 armenta
438 2618 471 2680 in
494 2616 650 2681 adversos
673 2617 878 2679 concitentur
899 2625 1034 2679 montes.
1059 2623 1092 2677 et
1113 2622 1218 2678 metus

89 2707 162 2789 ipse
185 2703 361 2767 relucentis
382 2701 533 2766 flammae
556 2724 575 2765 a
597 2703 705 2786 capite
728 2700 880 2787 calorque
901 2701 965 2764 iam
989 2701 1030 2764 ad
1051 2701 1161 2764 vivum
1177 2700 1217 2763 ad

89 2792 224 2876 imaque
246 2811 370 2854 cornua
391 2790 525 2853 veniens
548 2786 637 2852 velut
652 2786 833 2851 stimulatos
848 2789 958 2851 furore
974 2786 1092 2871 agebat
1106 2786 1217 2851 boves.

90 2898 156 2963 quo
187 2885 324 2962 repente
358 2875 506 2939 discursu
528 2873 615 2937 haud
640 2896 734 2938 secus
759 2895 856 2958 qnam
878 2873 967 2938 silvis
990 2873 1218 2960 montibusque
1240 2877 1255 2923 3

91 2962 238 3027 accensis
261 2961 368 3026 omnia
400 2961 486 3024 circa
508 2960 649 3042 virgulta
664 2962 734 3023 visa
749 2960 881 3039 ardere3
900 2960 1108 3044 capitumque
1125 2960 1219 3021 inrita

91 3049 258 3134 quassatio
283 3048 429 3111 excitans
452 3046 616 3110 flammam
640 3046 807 3110 hominum
830 3047 952 3130 passim
970 3046 1217 3108 discurrentium

93 3136 237 3219 speciem
256 3132 458 3218 praebebat
471 3134 526 3217 qui
542 3132 583 3195 ad
600 3134 770 3195 transitum
786 3130 886 3194 saltus
902 3131 1106 3194 insidendum
1124 3128 1218 3191 locati
1239 3134 1255 3183 4

93 3229 197 3302 erant,
224 3219 282 3284 ubi
304 3221 337 3283 in
360 3220 494 3283 summis
516 3217 680 3282 montibus
705 3239 743 3280 ac
766 3238 866 3303 super
889 3238 924 3280 se
947 3216 1104 3300 quosdam
1128 3216 1219 3297 ignes
1258 3214 1261 3222 '

89 3327 306 3392 conspexere,
340 3304 577 3368 circumventos
610 3327 644 3368 se
668 3325 738 3367 esse
762 3303 821 3366 rati
846 3302 1008 3387 praesidio
1034 3319 1218 3382 excessere3

90 3414 157 3479 qua
179 3393 313 3456 minime
336 3391 456 3455 densae
480 3390 644 3454 micabant
667 3388 826 3469 flammae,
843 3387 932 3452 velut
948 3387 1142 3451 tutissimum
1159 3387 1220 3450 iter

90 3487 242 3564 petentes
275 3500 400 3541 summa
434 3478 591 3541 montium
623 3477 707 3557 iuga,
741 3485 848 3538 tumen
880 3474 911 3536 in
936 3472 1093 3559 quosdam
1116 3470 1219 3536 boves

91 3565 221 3650 palatos
253 3586 273 3626 a
303 3565 370 3628 suis
402 3560 554 3646 gregibus
587 3562 777 3626 inciderunt.
811 3569 845 3624 ot
875 3559 980 3645 primo
1010 3581 1082 3623 curn
1107 3555 1257 3659 proculo

91 3658 265 3716 cernerent
296 3648 396 3713 veluti
428 3647 573 3712 flammas
603 3646 792 3733 spirantium
816 3644 970 3709 miraculo
995 3643 1121 3709 attoniti
1144 3656 1256 3709 con-s

92 3739 258 3818 stiterunt;
292 3734 410 3799 deinde
442 3745 477 3799 ut
503 3732 643 3797 humana
676 3732 826 3817 rqrpuruit
849 3730 947 3814 fraus,
980 3741 1046 3796 turn
1072 3750 1149 3796 vero
1174 3730 1219 3796 in·

91 3825 190 3888 sidias
214 3823 276 3885 rati
299 3843 380 3902 esse,
405 3843 477 3884 cum
503 3820 623 3883 inuioro
647 3817 785 3882 turrrultu
802 3817 964 3882 concitant
987 3839 1021 3881 sc
1045 3816 1077 3881 iu
1100 3816 1218 3899 lugam.
