2738 4146
376 109 485 160 urana
502 110 551 161 111.
571 110 647 161 one.
666 115 707 162 se.
725 114 768 162 ιι.
788 110 821 179 [a.
839 113 872 164 u.
891 129 914 164 c
933 113 1004 182 3⁰⁵]-
1221 101 1280 161 221

117 284 273 369 spirantem
307 281 415 347 locum
447 282 614 348 seditionis
647 305 805 370 quaerere
837 285 969 350 diceret.
1005 309 1071 351 non
1103 288 1266 373 praebia
1356 320 1358 325 ·

117 379 206 433 turum
230 392 265 433 se
287 367 334 433 illi
357 391 396 433 eo
421 369 474 434 die
501 373 685 451 materiam3
719 370 776 434 sed
809 381 846 434 ut
876 372 939 435 iarn
972 374 1070 437 sciret
1100 396 1165 437 non
1196 375 1231 438 id

116 456 296 539 petulantiae
319 477 408 536 suae,
432 455 491 519 sed
513 453 670 539 Verginio
699 455 826 520 absenti
849 468 882 521 et
903 459 1010 543 patrio
1041 460 1165 523 nomini
1198 471 1231 525 et

114 539 238 605 libertati
262 542 386 622 datum,
410 541 460 605 ius
483 562 522 605 eo
547 542 600 605 die
622 564 657 605 se
679 564 743 606 non
761 543 922 606 dicturum
937 566 1045 630 neque
1062 545 1229 611 decretum
1302 577 1304 581 ’

114 628 380 713 interpositurum;
424 650 444 691 a
480 627 524 693 M.
563 627 701 693 Claudio
739 630 926 712 petiturum,
971 642 1009 694 ut
1053 631 1230 697 decederet
1301 634 1303 638 ’

114 715 170 779 iure
189 736 245 778 suo
268 713 495 799 vindicarique
517 712 660 799 puellam
684 715 717 777 in
740 725 908 799 posterum
937 716 1023 779 diem
1046 728 1229 801 pateretur3

116 801 186 885 quod
225 800 288 864 nisi
329 809 424 885 pater
494 809 600 864 ostero
646 800 699 863 die
743 801 910 882 adfuisset,
957 802 1148 868 denuntiare
1193 818 1264 869 set

115 885 188 950 lollio
220 883 446 971 similibusque
468 823 562 960 lcilii,
600 907 708 973 neque
743 886 808 970 legi
844 909 922 952 suae
953 887 1090 953 latorem
1121 912 1228 976 neque

115 970 281 1037 decemviro
310 973 524 1037 constantiam
558 971 680 1036 defore.
711 994 773 1037 nec
805 995 841 1038 se
873 975 986 1059 utique
1018 975 1228 1061 conlegarum

108 1055 225 1123 'lictores
258 1068 513 1123 convocaturum
552 1058 592 1121 ad
625 1060 824 1123 coercendos
857 1061 1025 1124 seditionis
1062 1073 1227 1144 auctores3

115 1155 283 1209 contentum
321 1167 357 1209 se
390 1145 456 1208 suis
491 1143 660 1208 lictoribus
697 1144 777 1208 fore.
815 1167 889 1209 cum
926 1145 1062 1211 dilatum
1097 1159 1263 1234 tempusa

115 1229 233 1296 iniuriae
243 1241 340 1312 esset,
352 1230 627 1316 secessissentque
639 1230 787 1295 advocati
798 1231 937 1316 puellae,
949 1232 1071 1318 placuit
1084 1236 1227 1299 omnium

114 1318 236 1398 primum
257 1318 392 1381 fratrem
415 1315 498 1380 Icilii
519 1315 687 1403 filiumque
708 1316 891 1399 Numitorii‚
915 1319 1059 1403 inpigros
1082 1321 1226 1401 iuvenes,

113 1422 232 1488 pergere
247 1404 326 1467 inde
341 1412 431 1466 recta
452 1403 493 1466 ad
510 1413 649 1488 portam,
673 1411 715 1483 et,
740 1414 896 1489 quantum
912 1404 1226 1493 accelerariposset,

113 1483 284 1574 Verginium
311 1488 409 1553 acciri
433 1511 450 1552 e
474 1490 602 1553 castris:
630 1489 663 1552 in
687 1510 725 1553 eo
748 1491 833 1554 verti
855 1489 985 1575 puellae
1017 1491 1165 1571 salutem,
1200 1495 1262 1557 sie

113 1588 226 1656 postero
250 1576 305 1640 die
327 1575 449 1638 vindex
472 1575 608 1639 iniuriae
640 1575 682 1638 ad
704 1583 834 1660 tempus
859 1588 990 1659 praesto
1020 1589 1115 1656 esset.
1147 1580 1226 1644 iussi

113 1673 233 1745 pergunt
256 1663 431 1748 citatisque
454 1683 471 1725 e
496 1662 546 1724 uis
568 1661 718 1725 nuntium
741 1662 782 1724 ad
805 1673 932 1746 patrem
948 1662 1127 1748 perferunt.
1152 1688 1223 1729 oum
1247 1683 1261 1731 7

112 1743 228 1813 instaret
251 1749 401 1812 adsertor
422 1685 562 1831 pudice,
596 1755 633 1810 ut
653 1747 835 1811 vindicaret
858 1770 1098 1834 sponsoresque
1122 1752 1224 1832 daret,
1314 1766 1317 1772 “

112 1838 192 1919 atque
216 1835 383 1920 idipsum
415 1835 468 1916 agi
503 1834 626 1897 diceret
655 1832 767 1897 Icilius
799 1832 911 1898 sedulo
943 1845 1073 1919 tempus
1105 1846 1224 1919 terens,

53 1980 55 1999 Ι
114 1914 174 1984 dum
194 1922 307 2006 praeci
332 1928 425 1983 erent
446 1920 510 1983 iter
531 1919 635 1983 nuntii
657 1920 746 1984 missi
768 1920 801 1982 in
824 1929 940 2002 castra,
972 1944 1087 1987 manus
1110 1923 1224 1988 tollere

111 2005 237 2094 undique
259 1945 444 2087 multitudo,
474 2015 564 2070 etse
588 2006 726 2153 quisque
748 2017 898 2093 paratum
931 2007 972 2070 ad
997 2009 1224 2095 spondendum

110 2085 184 2157 loillo
216 2093 401 2158 ostendere.
439 2101 539 2178 atque
576 2090 631 2155 ile
664 2090 930 2156 lacrimabundus
967 2104 1115 2178 „gratum
1154 2096 1260 2163 est“8

109 2173 211 2264 inquit;
237 2180 399 2264 „crastina
415 2177 468 2241 die
483 2186 594 2241 vestra
610 2200 710 2265 opera
724 2189 807 2257 utar,
831 2201 1023 2266 sponsorum
1044 2203 1131 2244 nunc
1147 2185 1224 2248 satis

109 2265 174 2329 act.
188 2267 235 2330 ita
248 2265 435 2330 vindicatur
448 2262 605 2348 Verginia
620 2263 860 2346 spondentibus
875 2268 1078 2351 propinquis.
1093 2267 1223 2353 Appius
1243 2290 1258 2337 e

106 2349 257 2437 paulisper
278 2360 434 2428 moratus,
456 2372 498 2414 ne
522 2351 590 2414 eius
612 2351 660 2414 rei
676 2372 776 2413 causa
798 2351 921 2415 sedisse
936 2351 1114 2431 videretur,
1137 2366 1224 2440 post-

107 2446 190 2521 quam
224 2438 351 2502 omissis
382 2435 482 2500 rebus
517 2435 588 2499 aliis
620 2458 699 2521 prae
740 2458 818 2500 cura
848 2439 943 2502 unius
974 2459 1069 2502 nemo
1101 2441 1222 2522 adibat,

105 2521 225 2590 domum
247 2546 284 2588 se
307 2523 430 2610 recepit
454 2520 664 2608 conlegisque
686 2523 719 2586 in
743 2533 849 2587 castra
864 2524 987 2603 scribit,
1010 2546 1052 2589 ne
1068 2523 1221 2610 Verginio

102 2620 309 2675 commeatum
333 2608 410 2673 dent
424 2618 524 2694 atque
540 2608 637 2672 etiam
659 2608 692 2672 in
708 2609 857 2673 custodia
872 2609 1025 2673 habeant.
1049 2611 1222 2698 inprobum
1241 2624 1275 2671 ιο

101 2697 260 2761 consilium
285 2717 403 2777 serum,
426 2703 464 2761 ut
486 2693 608 2776 debuit,
631 2693 702 2776 fuit,
735 2704 767 2760 et
789 2696 852 2759 iam
877 2705 1061 2762 commeatu
1092 2710 1221 2786 sumpto

100 2778 254 2866 profectus
270 2781 446 2866 Verginius
468 2781 574 2866 prima
587 2779 699 2861 vigilia
714 2791 792 2858 erat,
817 2805 892 2847 cum
907 2793 1040 2867 postero
1059 2783 1111 2848 die
1128 2809 1222 2851 mane

100 2867 134 2933 de
156 2868 326 2934 retinendo
351 2889 389 2932 eo
412 2869 612 2952 nequiquam
635 2867 764 2932 litterae
787 2868 979 2934 redduntur.

191 2952 334 3019 XLVII.
359 2954 403 3016 At
433 2955 466 3017 in
497 2952 581 3016 urbe
612 2954 717 3036 prima
748 2952 820 3017 luce
844 2977 915 3018 cum
951 2957 1065 3020 civitas
1088 2957 1121 3020 in
1152 2958 1254 3022 foros

96 3042 320 3126 expectatione
336 3048 447 3103 erecta
469 3048 579 3114 staret,
595 3038 769 3123 Verginius
793 3041 980 3107 sordidatus
995 3039 1095 3105 filiam
1112 3065 1221 3107 secum

96 3125 240 3194 obsoleta
271 3136 364 3193 veste
397 3124 624 3190 comitantibus
656 3125 780 3213 aliquot
810 3129 965 3192 matronis
997 3149 1070 3192 cum
1101 3130 1223 3212 ingenti

95 3213 306 3278 advocatione
336 3212 370 3275 in
400 3212 507 3276 forum
542 3211 684 3276 deducit.
723 3213 892 3277 circumire
925 3215 971 3278 ibi
1003 3222 1035 3277 et
1066 3237 1258 3300 prensaret

92 3297 235 3364 homines
259 3299 368 3385 coepit
400 3309 432 3362 et
463 3320 527 3362 non
558 3319 652 3362 orare
675 3297 780 3362 solum
812 3301 993 3385 precariam
1025 3320 1131 3384 opem,
1164 3302 1221 3365 sed

83 3408 148 3471 pro
166 3386 279 3451 debita
293 3383 421 3471 petere:
446 3407 480 3449 se
503 3406 563 3468 pro
579 3383 690 3448 liberis
714 3405 827 3448 eorum
842 3407 880 3448 ac
897 3386 1087 3469 coniugibus
1104 3388 1222 3452 cotidie

91 3474 121 3535 in
143 3474 215 3538 acie
238 3480 335 3554 stare,
367 3493 428 3534 nec
462 3469 560 3534 alium
583 3471 688 3534 virum
713 3492 794 3550 esse,
830 3470 919 3536 cuius
943 3483 1073 3536 strenue
1096 3495 1135 3536 ac
1158 3474 1221 3538 for·

89 3559 163 3624 titer
184 3556 274 3622 facta
295 3557 328 3620 in
350 3555 437 3621 bello
461 3557 555 3642 plura
577 3558 751 3620 memorari
774 3567 920 3642 possent;
952 3559 1030 3643 quid
1053 3560 1221 3643 prodesse,

89 3644 115 3708 si
136 3640 294 3710 incolumi
315 3642 410 3721 urbe,
445 3664 529 3728 quae
553 3652 648 3728 capta
671 3641 785 3707 ultima
806 3645 990 3725 timeantur,
1021 3643 1132 3709 liberis
1156 3648 1221 3712 suis

88 3731 149 3797 sint
164 3728 342 3817 patienda?
358 3729 439 3800 haec
449 3751 552 3814 prope
568 3728 848 3793 contionabundus
862 3730 1052 3794 circumibat
1063 3731 1220 3798 homines.
1240 3746 1256 3792 3

87 3816 203 3883 similia
224 3815 277 3880 his
303 3815 345 3880 ab
365 3815 458 3880 Icilio
488 3813 709 3883 iactabantur.
750 3818 934 3883 comitatus.
957 3817 1136 3882 muliebris
1162 3816 1285 3897 ptest
