2738 4146
343 133 451 184 ursan
468 133 553 183 xxn.
573 132 649 182 cnr.
667 134 709 183 so.
726 134 768 182 ss.
789 131 821 200 [a.
840 132 873 184 n.
893 148 915 184 s
934 131 1005 201 ssa).
1216 126 1277 184 193

125 293 128 300 ¹
197 306 322 371 XLIV.
347 303 505 369 Consules
538 305 615 369 satis
647 303 824 388 exploratis
850 306 1019 370 itineribus
1043 317 1262 393 sequentes,1

91 405 128 459 ut
141 402 278 459 ventum
301 390 344 455 ad
360 389 489 456 Cannas
513 401 571 472 est,
595 392 674 454 etin
698 400 875 475 conspectu
890 391 1036 457 Poenum
1052 392 1231 478 habebant,

92 481 171 545 bina
201 487 310 543 castra
341 479 563 540 communiunt
594 477 710 541 eodem
739 476 842 541 ferme
873 478 1054 561 intervallo,
1087 502 1149 564 quo
1184 480 1227 543 ad
1259 493 1262 498 ’

93 565 307 644 Gereonium,
331 565 415 627 sicut
430 573 504 626 ante
527 562 628 647 copiis
645 562 766 626 divisis.
789 561 939 627 Aufidius
955 566 1058 628 amnis
1082 567 1227 651 utrisque
1245 585 1261 634 a

93 653 211 716 castris
235 649 383 713 adfluens
407 645 531 713 aditum
547 648 760 733 aquatoribus
783 671 826 713 ex
849 672 906 713 sua
929 651 1087 737 cuiusque
1110 674 1226 737 oppor-

92 740 233 803 tunitate
263 735 350 799 haud
380 735 448 799 sine
480 736 656 799 certamine
688 734 802 817 dabat3
837 758 879 799 ex
910 737 1087 801 minoribus
1118 747 1266 809 tamena

93 825 221 906 castris,
238 844 323 908 quae
338 822 446 908 posita
459 830 549 884 trans
565 819 731 884 Aufidium
748 831 849 901 erant,
872 822 1006 886 liberius
1022 822 1228 909 aquabantur

93 908 243 992 Romani,
274 909 352 993 quia
373 909 401 970 ri
427 929 446 970 a
475 905 610 971 ulterior
643 906 767 971 nullum
797 905 942 972 habebat
971 908 1114 974 hostium
1136 932 1228 995 prae·

93 996 224 1061 sidium.
257 930 423 1059 Hannibd
453 1014 547 1077 spem
577 1001 713 1056 nanctus
739 992 821 1056 locis
851 994 934 1058 natis
966 995 1009 1058 ad
1043 1003 1263 1082 equestrem4

92 1102 249 1168 pugnam,
282 1102 347 1166 qua
377 1088 472 1165 parte
503 1079 620 1142 virium
650 1079 790 1144 invictus
813 1090 891 1159 erat,
924 1079 1069 1145 facturos
1097 1083 1227 1167 copiam

94 1163 265 1254 pugnandi
303 1165 461 1248 consules,
495 1165 614 1248 derigit
647 1166 751 1230 aciem
783 1165 978 1253 lacessitque
1012 1167 1227 1232 Numidarum

93 1251 343 1338 procursatione
364 1251 485 1316 hostes.
508 1251 584 1314 inde
599 1272 711 1315 rursus
727 1250 894 1316 sollicitari
910 1254 1071 1318 seditione
1093 1253 1227 1319 militari
1245 1261 1277 1314 5,

94 1361 134 1404 ac
164 1337 329 1402 discordia
361 1335 531 1402 consulum
562 1338 708 1401 Romana
739 1348 855 1421 castra,
889 1359 963 1404 cum
986 1338 1107 1404 Paulus
1135 1338 1227 1405 Sem·

93 1425 268 1511 proniique
300 1434 334 1488 et
358 1422 510 1488 Flaminii
546 1424 764 1488 temeritatem
796 1423 945 1508 Varroni,
978 1425 1084 1489 Varro
1123 1424 1226 1490 Paulo

94 1511 281 1596 speciosum
310 1509 432 1574 timidis
463 1531 502 1573 ac
534 1508 687 1592 segnibus
717 1510 853 1575 ducibus
877 1509 1064 1596 exemplum
1086 1511 1261 1576 Fabiumo

94 1597 252 1680 obiceret,
283 1605 523 1681 testareturque
546 1595 625 1658 deos
648 1595 862 1682 hominesque
885 1597 947 1679 hic,
979 1597 1102 1661 nullam
1126 1620 1226 1685 penes

95 1705 131 1747 se
168 1680 301 1767 culpam
333 1703 415 1766 esse,
454 1681 541 1762 quod
573 1680 738 1745 Hannibal
768 1683 833 1746 iam
863 1683 955 1747 velut
992 1706 1053 1748 usu
1086 1686 1228 1770 cepisset

93 1768 239 1851 Italiam3
261 1789 298 1832 se
321 1769 530 1832 constrictum
545 1789 565 1830 a
581 1766 716 1852 conlega
737 1769 850 1851 teneri,
873 1768 998 1832 ferrum
1014 1779 1113 1853 atque
1136 1793 1226 1834 arma

92 1857 186 1919 iratis
209 1864 245 1918 et
265 1875 412 1938 pugnare
434 1853 640 1940 cupientibus
670 1854 770 1918 adimi
796 1852 968 1936 militibus3
999 1853 1064 1938 ille,
1096 1856 1124 1919 si
1146 1856 1225 1941 quid
1246 1864 1261 1910 7

93 1941 251 2028 proiectis
273 1961 312 2004 ac
333 1940 472 2025 proditis
495 1940 536 2003 ad
559 1939 774 2004 inconsultam
795 1951 893 2026 atque
914 1941 1121 2028 inprovidam
1144 1963 1225 2027 pug-

92 2049 168 2092 nam
191 2025 376 2111 legionibus
398 2026 570 2109 accideret,
601 2048 636 2089 se
660 2027 762 2090 omnis
785 2026 902 2112 culpae
925 2037 1099 2112 exsortem,
1123 2030 1227 2093 omnis

93 2121 240 2179 eventus*
255 2113 451 2198 participem
472 2111 544 2176 fore
567 2111 705 2176 diceret:
733 2112 871 2196 videret,
905 2123 951 2198 ut,
976 2115 1093 2199 quibus
1116 2113 1228 2199 lingua

93 2206 249 2287 prompta
270 2220 310 2263 ao
331 2199 514 2281 temeraria,
537 2220 641 2283 aeque
663 2199 697 2261 in
718 2221 830 2282 pugna
851 2201 1001 2283 vigerent
1022 2222 1147 2264 manus.

67 2284 70 2288 ’
198 2283 306 2349 XLV.
321 2283 411 2349 Dum
426 2282 691 2348 altercationibus
706 2286 810 2368 magis
826 2307 923 2370 quam
940 2285 1081 2349 consiliis
1097 2297 1227 2369 tempus
1246 2297 1261 2345 1

91 2373 221 2453 teritur,
244 2369 409 2435 Hannibal
440 2391 484 2435 ex
514 2371 593 2453 acie,
628 2392 726 2457 quam
757 2371 798 2433 ad
830 2369 968 2435 multum
991 2372 1056 2434 diei
1078 2381 1228 2436 tenuerat

91 2459 297 2540 instructam,
320 2479 392 2521 cum
416 2457 450 2520 in
473 2466 580 2520 castra
596 2466 723 2520 ceteras
745 2457 908 2539 reciperet
923 2457 1044 2540 copias,
1067 2455 1226 2522 Numidas
1246 2469 1262 2516 a

91 2545 133 2608 ad
155 2541 362 2607 invadendos
385 2564 428 2607 ex
457 2541 635 2606 minoribus
665 2543 778 2607 castris
800 2542 1021 2606 Romanorum
1053 2551 1226 2627 aquatores

91 2627 326 2694 transflumen
348 2629 454 2692 mittit.
494 2650 591 2714 quam
621 2629 819 2693 inconditam
842 2628 971 2692 turbam
994 2651 1067 2692 cum
1090 2628 1227 2693 vixdum
1246 2642 1262 2689 t

90 2716 124 2780 in
145 2715 254 2802 ripam
277 2714 400 2799 egressi
424 2713 567 2778 clamore
582 2737 621 2778 ac
641 2713 783 2779 tumultu
797 2715 974 2798 fugassent,
997 2714 1031 2777 in
1054 2715 1227 2780 stationem

91 2822 226 2889 quoque
249 2821 308 2885 pro
330 2798 417 2864 vallo
439 2798 580 2865 locatam
611 2811 710 2886 atque
732 2802 821 2886 ipsas
855 2823 958 2886 prope
981 2810 1092 2886 portas
1121 2800 1227 2866 evecti

92 2897 178 2952 aunt.
201 2886 238 2950 id
259 2907 339 2952 vero
362 2886 445 2951 adeo
466 2885 636 2968 indignum
658 2887 774 2970 visum,
807 2886 848 2950 ab
870 2885 1081 2950 tumultuario
1104 2886 1226 2952 vexillo
1244 2903 1263 2950 t

89 2975 157 3039 iam
180 2972 281 3060 etiam
313 2982 421 3036 castra
442 2971 590 3037 Romana
612 2974 739 3056 terreri,
770 2982 807 3036 ut
839 2994 878 3035 ea
900 2973 999 3036 modo
1030 2995 1095 3036 una
1118 2995 1227 3056 causa,

89 3081 131 3123 ne
156 3055 327 3144 extemplo
342 3059 517 3123 transirent
537 3057 659 3122 flumen
675 3057 926 3144 derigerentque
949 3060 1062 3140 aciem,
1086 3060 1227 3123 tenuerit

88 3145 266 3228 Romanos,
298 3144 386 3228 quod
409 3166 537 3209 summa
567 3144 694 3228 imperii
717 3166 756 3208 eo
790 3145 843 3208 die
865 3167 968 3229 penes
990 3143 1128 3208 Paulum
1156 3143 1225 3208 fuit.

88 3233 203 3332 itaque
224 3240 357 3316 postero
382 3229 435 3294 die
457 3230 573 3313 Varro,
602 3232 693 3293 cuius
716 3252 787 3293 sors
816 3231 884 3294 eius
909 3230 972 3294 diei
994 3230 1122 3314 imperii
1147 3239 1262 3314 erato

89 3315 172 3382 nihil
193 3316 343 3382 consulto
358 3314 495 3399 conlega
517 3317 644 3400 signum
658 3317 830 3400 proposuit
850 3317 1090 3401 instructasque
1113 3317 1225 3400 copias

89 3402 212 3469 flumen
234 3402 390 3482 traduxit,
423 3413 579 3488 sequente
603 3401 714 3485 Paulo,
747 3403 823 3486 quia
855 3403 958 3485 magis
991 3425 1054 3466 non
1085 3401 1225 3487 probare

89 3510 189 3573 quam
203 3510 271 3553 non
293 3488 450 3552 adiuvare
465 3486 635 3552 consilium
650 3497 788 3572 poterat.
813 3489 1007 3570 transgressi
1030 3487 1151 3550 flumen
1169 3509 1223 3552 eas
1244 3505 1260 3552 o

88 3597 232 3663 quoquc,
264 3596 346 3661 quas
380 3575 413 3638 in
441 3575 555 3638 castris
588 3569 767 3637 minoribus
801 3573 992 3657 habuerant,
1026 3574 1135 3657 copias
1159 3574 1224 3637 suis

88 3663 272 3811 adiungunt
292 3671 391 3747 atque
413 3661 459 3724 ita
480 3661 644 3725 instruunt
666 3660 786 3724 aciem:
808 3661 842 3722 in
866 3660 983 3724 dextro
1008 3681 1108 3723 cornu
1123 3695 1167 3706 -
1189 3659 1223 3723 id

88 3757 159 3813 erat
211 3747 312 3812 umini
342 3747 477 3833 propius
513 3781 549 3793 -
583 3745 748 3809 Romanos
787 3747 912 3831 equites
944 3745 1063 3824 locant,
1103 3744 1223 3810 deinde

87 3834 232 3919 peditos;
267 3832 399 3898 laevum
438 3853 538 3896 cornu
575 3833 714 3895 extremi
756 3834 884 3919 equites
919 3832 1100 3911 sociorum,
1136 3833 1267 3891 intras

128 3934 206 3970 aur.
215 3933 278 3968 1111,
1166 3930 1207 3974 Y}
