2738 4146
87 101 128 158 50
287 104 290 110 ’
342 111 451 159 nisan
468 111 488 159 Ι.
508 109 583 159 csP.
603 112 644 160 57.
663 112 705 159 58.
726 107 758 176 [a.
778 110 809 160 u.
829 125 851 161 e.
871 109 1027 176 sao-2441.

140 282 276 360 stativis,
308 291 345 344 ut
376 279 412 343 fit
443 278 539 361 longo
573 281 676 362 magis
708 301 806 365 quam
837 280 903 342 acri
936 276 1034 360 bello,
1067 281 1144 344 satis
1176 279 1275 346 liberi

139 376 339 432 commeatus
364 379 465 447 erant,
482 366 696 451 primoribus
720 379 828 428 tamen
850 366 953 448 magis
978 388 1075 449 quam
1099 365 1296 451 militibus,v

103 454 219 536 eregii
242 453 374 538 quidem
396 454 529 516 iuvenes
552 452 713 516 interdum
738 452 837 514 otium
865 452 1020 514 conviviis
1053 453 1271 517 comisationi-

103 539 267 624 5busque
291 540 374 602 inter
396 560 431 601 se
464 537 624 602 terebant.
656 537 739 601 forte
773 536 960 622 potantibus
992 536 1042 599 his
1073 539 1160 622 apud
1194 537 1273 606 Sex.

140 624 361 710 Tarquinium,
395 623 452 687 ubi
475 633 507 687 et
530 622 720 687 Conlatinus
752 622 891 686 cenabat
917 623 1123 707 Tarquinius,
1157 624 1272 709 Egerii

139 709 234 792 filius,
265 711 379 773 incidit
410 710 451 774 de
482 709 639 774 uxoribus
673 710 808 790 mentio;
847 731 938 772 suam
972 711 1111 794 quisque
1133 710 1272 776 laudare

64 804 66 809 '
106 797 227 873 qmiris
250 797 365 860 modis.
388 797 464 859 inde
487 797 663 859 certamine
687 816 822 859 accenso
840 793 1030 863 Conlatinus
1045 808 1143 880 negat
1158 797 1273 862 verbis

141 905 221 968 opus
257 904 338 963 esse,
370 883 483 966 paucis
515 882 549 945 id
581 881 715 967 quidem
748 881 835 944 horis
867 903 962 965 posse
988 882 1072 963 sciri,
1113 892 1272 965 quantum

141 968 256 1032 ceteris
273 978 417 1052 praestet
432 969 587 1031 Lucretia
610 989 678 1032 sua.
690 1029 693 1034 ,
705 968 811 1053 „quim
835 967 863 1030 si
884 968 978 1051 vigor
999 967 1152 1032 iuventae
1172 970 1270 1048 inest,

142 1054 388 1118 conscendimus
412 1076 514 1139 equos
546 1055 780 1138 invisimusque
802 1062 991 1137 praesentes
1013 1063 1200 1118 nostrarum
1223 1056 1271 1119 in·

142 1139 259 1223 genia?
292 1139 325 1202 id
350 1141 468 1225 cuique
492 1140 762 1225 spectatissimum
787 1141 837 1219 sit,
871 1139 958 1223 quod
980 1142 1174 1224 necopinato
1207 1143 1272 1206 viri

103 1226 285 1306 gadventu
318 1227 495 1290 occurrerit
527 1223 658 1289 oculis.“
691 1223 893 1288 incaluerant
914 1226 1004 1307 vino;
1039 1249 1119 1309 „age
1152 1229 1268 1292 sanel“

143 1333 268 1392 omnes,
302 1313 405 1375 citatis
430 1312 522 1396 equis
554 1310 684 1375 avolant
706 1311 851 1374 Romam.
885 1332 948 1396 quo
982 1333 1056 1375 cum
1088 1314 1200 1396 primis
1233 1337 1271 1378 se

141 1397 384 1461 intendentibus
407 1399 549 1461 tenebris
572 1397 807 1482 pervenissent,
831 1408 970 1481 pergunt
992 1398 1068 1460 inde
1086 1397 1270 1483 Collatiam,

104 1519 120 1567 9
141 1483 197 1548 ubi
220 1484 408 1547 Lucretiam
431 1483 683 1568 haudquaquam
705 1493 743 1546 ut
768 1484 874 1565 regias
897 1505 1007 1564 nurus,
1035 1506 1115 1569 quas
1138 1486 1171 1548 in
1194 1508 1270 1550 con-

140 1571 226 1634 vivio
259 1569 405 1655 luxuque
443 1591 515 1632 cum
549 1568 739 1654 aequalibus
769 1569 920 1632 viderant
948 1578 1076 1654 tempus
1113 1579 1269 1656 terentes,

140 1657 200 1720 sed
222 1666 317 1720 nocte
340 1677 413 1718 sera
445 1655 586 1718 deditam
610 1654 703 1719 lanae
730 1656 814 1717 inter
836 1653 1047 1719 lucubrantes
1076 1657 1208 1720 ancillas
1235 1661 1269 1722 in

89 1766 123 1814 1o
141 1741 248 1806 medio
264 1742 392 1805 aedium
419 1742 585 1805 sedentem
602 1742 777 1804 inveniunt.
801 1739 968 1804 muliebris
989 1743 1174 1806 certaminis
1197 1742 1270 1808 laus

139 1849 241 1912 penes
272 1828 456 1890 Lucretiam
488 1827 557 1889 fuit.
590 1826 766 1890 adveniens
798 1827 849 1890 vir
870 1826 1103 1912 Tarquiniique
1135 1833 1269 1916 excepti

89 1941 120 1987 11
138 1914 294 1998 benigne3
328 1914 433 1976 victor
457 1915 590 1975 maritus
623 1914 760 1976 comiter
789 1913 903 1976 invitat
934 1915 1042 1996 regios
1065 1915 1210 1979 iuvenes.
1236 1927 1270 1981 et

137 2009 205 2062 tum
258 1998 366 2063 uidem
398 1999 439 2062 ab
471 2010 628 2062 nocturno
657 1998 799 2062 iuvenali
828 1997 905 2062 ludo
928 1999 961 2061 in
985 2010 1091 2063 castra
1113 2001 1264 2066 redeunt.

99 2100 112 2146 1
270 2083 362 2148 VIII.
386 2084 503 2148 Paucis
525 2085 702 2148 interiectis
726 2085 841 2149 diebus
857 2083 934 2148 Sex.
952 2085 1148 2170 Tarquinius
1163 2089 1267 2152 inscio

102 2169 308 2235 aconlatino
342 2193 415 2233 cum
448 2172 565 2234 comite
593 2192 656 2234 uno
681 2169 850 2235 Collatiam
883 2172 980 2236 venit.
1018 2172 1076 2236 ubi
1107 2184 1269 2260 exceptus

138 2256 287 2339 benigne,
326 2266 425 2319 noctu
462 2255 544 2319 clam
577 2256 762 2320 cubiculum
797 2257 962 2340 ingressus
993 2258 1167 2322 Lucretiae
1203 2263 1268 2325 vim

102 2361 117 2408 3
138 2341 262 2417 intulit:
282 2363 366 2428 quae
387 2352 512 2406 maesta
534 2351 623 2406 tanto
639 2341 724 2405 malo
740 2345 886 2407 nuntium
901 2342 1038 2407 Romam
1061 2345 1202 2409 eundem
1226 2348 1268 2410 ad

138 2438 264 2512 patrem
285 2428 495 2512 Ardeamque
519 2429 559 2491 ad
583 2429 690 2492 virum
712 2430 818 2506 mittit,
850 2441 886 2491 ut
917 2451 991 2493 cum
1024 2430 1158 2513 singulis
1188 2431 1269 2495 fide·

137 2514 222 2579 libus
245 2516 355 2578 amicis
378 2517 524 2596 veniant,
556 2516 601 2578 ita
622 2514 708 2578 facto
731 2524 957 2600 maturatoque
981 2538 999 2580 o
1024 2539 1063 2580 us
1087 2539 1174 2598 esse3
1197 2541 1268 2583 rem

102 2611 281 2668 satrocem
313 2601 474 2664 incidisse.
514 2599 568 2684 sp.
601 2600 773 2665 Lucretius
808 2624 881 2666 cum
913 2601 949 2665 P.
1011 2601 1122 2683 alerio,
1154 2604 1269 2669 Volesi

137 2685 214 2768 filio,
239 2685 428 2751 Conlatinus
462 2709 534 2750 cum
558 2687 597 2750 L.
619 2687 712 2750 Iunio
736 2686 838 2751 Bruto
861 2689 959 2762 venit,
993 2710 1066 2751 cum
1091 2711 1155 2774 quo
1178 2689 1266 2756 forte

137 2773 274 2836 Romam
289 2773 418 2836 rediens
436 2771 476 2834 ab
501 2774 612 2835 nuntio
636 2774 747 2836 uxoris
770 2783 840 2837 erat
862 2784 1051 2839 conventus.
1075 2775 1265 2842 Lucretiam

73 2890 76 2894 ·
102 2859 304 2928 ssedentem
327 2868 484 2921 maestam
513 2859 546 2920 in
570 2857 716 2922 cubiculo
751 2860 928 2923 inveniunt.
962 2859 1106 2925 adventu
1129 2885 1262 2927 suorum

136 2944 290 3008 lacrimae
306 2945 439 3008 obortae
456 2947 690 3031 quaerentique
713 2946 783 3009 viro
803 2947 904 3029 „satin
921 2945 1072 3010 salvae?“
1093 2949 1265 3028 „minime“

136 3031 256 3116 inquit3
274 3030 373 3115 „quid
390 3031 475 3093 enim
491 3029 572 3093 salvi
583 3040 632 3094 est
648 3029 774 3094 mulieri
791 3032 909 3095 amissa
924 3031 1106 3116 pudicitia?
1121 3044 1266 3100 ceterum

138 3139 255 3202 corpus
287 3127 336 3180 est
367 3126 492 3180 tantum
528 3115 696 3190 violatum,
740 3119 866 3180 animus
897 3120 1023 3199 insons3
1063 3142 1151 3184 mors
1173 3124 1268 3186 testis

139 3205 208 3266 erit.
232 3203 291 3268 sed
315 3204 389 3267 date
408 3203 560 3266 dexteras
583 3202 748 3287 fidemque
764 3203 851 3266 haud
874 3204 996 3289 inpune
1012 3204 1160 3271 adultero
1183 3208 1265 3274 fore.

103 3314 118 3360 6
138 3288 214 3354 Sex.
239 3299 288 3353 est
310 3290 514 3374 Tarquinius,
544 3290 599 3375 qui
623 3288 725 3353 hostis
749 3311 808 3374 pro
833 3289 959 3373 hospite
981 3290 1090 3376 priore
1113 3302 1210 3357 nocte
1232 3298 1266 3359 vi

137 3385 282 3440 armatus
319 3375 397 3438 mihi
432 3375 570 3461 sibique,
605 3376 630 3438 si
662 3397 721 3439 vos
754 3376 817 3439 viri
850 3377 935 3446 estis,
969 3376 1158 3462 pestiferum
1192 3379 1268 3445 hinc

101 3461 270 3534 rabstulit
291 3462 478 3542 gaudium.“
516 3463 594 3524 dant
628 3461 741 3525 ordine
774 3482 884 3525 omnes
907 3461 1021 3543 fidem3
1058 3463 1268 3531 consolantur

137 3570 268 3632 aegram
286 3549 384 3612 animi
401 3549 577 3611 avertendo
588 3569 708 3610 noxam
725 3547 765 3611 ab
778 3557 891 3611 coacta
906 3549 939 3611 in
954 3559 1121 3614 auctorem
1138 3551 1265 3617 delicti:

136 3645 280 3698 mentem
311 3655 458 3719 peccare,
490 3656 554 3698 non
587 3655 715 3718 corpus,
749 3644 781 3697 et
816 3634 903 3697 unde
938 3634 1105 3699 consilium
1139 3637 1265 3719 afuerit,

102 3719 266 3804 sculpam
291 3721 416 3783 abesse.
451 3720 548 3800 ,vos“
573 3720 678 3804 inquit
701 3720 877 3801 ,videritis
913 3722 990 3806 quid
1019 3721 1066 3785 illi
1089 3723 1265 3809 debeatur;

55 3871 56 3874 ,
140 3828 202 3886 ego
224 3830 278 3869 me
302 3806 361 3870 etsi
383 3815 520 3890 peccato
541 3805 688 3887 absolvo,
712 3805 869 3891 supplicio
887 3829 952 3870 non
973 3806 1094 3891 liber03
1115 3831 1178 3876 nec
1199 3810 1267 3877 ulla
