2738 4146
418 183 528 234 nunna
545 183 590 234 ιν.
608 182 686 235 car.
703 187 729 237 1.
748 181 783 251 [a
800 183 834 236 u.
852 200 876 236 s.
894 183 964 253 acal.
1212 172 1275 230 aaa

92 358 202 426 relatis
233 355 430 444 quibusdam
460 377 505 421 ex
540 377 658 440 magno
690 352 861 420 intervallo
894 357 1098 421 caerimoniis
1129 377 1223 421 reno-

91 452 220 525 varunt,
253 452 288 508 et
317 464 392 507 cum
423 438 580 526 religione
611 441 783 506 inviolatos
821 463 877 506 eos
915 453 984 507 tum
1015 440 1089 524 lege
1124 443 1260 507 etiam?

91 532 242 597 fecerunt
263 527 447 609 sanciendo,
478 538 524 608 ut,
548 528 604 614 qui
627 527 763 592 tribunis
786 524 902 614 plebis,
937 526 1108 610 aedilibus,
1142 528 1222 592 iudi·

91 619 185 683 cibus
210 615 405 681 decemviris
425 614 602 691 nocuisset,
635 615 705 678 eins
737 624 838 698 caput
858 613 931 679 Iovi
964 636 1092 680 sacrum
1125 624 1222 697 esset,

91 702 215 769 familia
235 702 278 766 ad
301 701 418 766 aedem
440 699 581 781 Cereris,
615 699 728 764 Liberi
754 700 962 787 Liberaeque
994 723 1115 766 venum
1148 702 1220 764 iret.

93 790 155 855 hac
175 787 251 873 lege
272 788 352 851 iuris
374 788 569 871 interpretes
603 796 726 869 negant
756 808 955 872 quemquam
978 798 1222 852 sacrosanctum
1243 796 1260 844 8

93 897 176 953 esse,
200 874 262 939 sed
284 895 370 955 eum,
402 873 459 959 qui
481 894 595 937 eorum
618 874 771 956 cuiquam
798 874 958 951 nocuerit,
990 874 1061 939 Iovi
1094 896 1222 938 sacrum

92 961 226 1043 sanciri3
256 962 369 1046 itaque
401 956 543 1024 aedilem
573 959 690 1044 prendi
714 959 854 1045 ducique
877 982 897 1023 a
920 960 1097 1025 maioribus
1121 960 1259 1044 magi-9

92 1047 260 1128 stratibus,
294 1044 393 1132 quod,
426 1045 488 1109 etsi
509 1066 574 1111 non
598 1047 669 1109 iure
690 1045 748 1109 fiat
768 1081 812 1093 -
833 1048 945 1111 noceri
977 1048 1062 1110 enim
1095 1047 1134 1129 ei,
1168 1046 1220 1110 cui

93 1134 155 1200 hac
177 1134 252 1217 lege
273 1152 340 1196 non
363 1130 462 1195 liccat
484 1167 535 1211 -,
556 1141 665 1195 tamen
689 1143 916 1216 argumentum
937 1155 1010 1198 esse
1026 1155 1090 1198 non
1105 1132 1222 1196 haberi

95 1243 153 1306 pro
194 1227 403 1285 sacrosancto
439 1215 594 1299 aedilem;
640 1218 789 1297 tribunos
826 1228 940 1284 vetere
976 1220 1046 1283 iure
1084 1219 1220 1283 iurando
1242 1228 1276 1277 1⁰

93 1305 210 1394 plebis,
247 1305 484 1389 cumprimum
509 1326 581 1367 eam
603 1314 798 1388 potestatem
830 1306 961 1383 creavit,
996 1315 1221 1370 sacrosanctos

45 1428 47 1435 ι
94 1416 174 1459 esse.
212 1389 316 1472 fuere,
351 1391 406 1477 qui
437 1390 731 1476 interpretarentur
762 1391 875 1455 cadem
903 1391 966 1455 hac
989 1391 1126 1455 Horatia
1147 1388 1222 1475 lege
1241 1403 1272 1450 11

94 1475 283 1544 consulibus
314 1498 446 1563 quoque
477 1486 511 1540 et
541 1477 758 1562 praetoribus,
797 1478 873 1563 quia
909 1478 1032 1542 eisdem
1068 1478 1222 1563 auspiciis

94 1566 212 1653 quibus
236 1561 387 1628 consules
410 1574 608 1645 crearentur,
632 1575 762 1627 cautum
779 1583 865 1641 esse3
888 1564 1028 1628 iudicem
1044 1564 1129 1629 enim
1146 1585 1221 1628 con-

94 1651 196 1717 sulem
219 1647 392 1735 appellari.
417 1671 501 1734 quae
523 1646 682 1713 refellitur
704 1650 938 1734 interpretatio,
969 1650 1056 1736 quod
1079 1651 1274 1714 iistem-12

93 1737 228 1824 poribus
251 1735 396 1800 nondum
420 1733 586 1798 consulem
601 1735 754 1817 iudicem,
778 1737 834 1800 sed
861 1746 1046 1821 praetorem
1062 1734 1220 1822 appellari

94 1847 162 1889 mos
184 1822 294 1888 fuerit.
318 1820 380 1886 hae
404 1819 591 1885 consulares
615 1819 704 1905 leges
727 1822 828 1887 fuere.
852 1824 1032 1887 institutum
1057 1823 1154 1887 etiam
1178 1822 1219 1886 ab
1242 1837 1275 1884 1³

93 1911 207 1975 iisdem
231 1906 431 1984 consulibus,
454 1917 490 1971 ut
511 1918 644 1971 senatus
667 1907 813 1973 consulta
834 1910 867 1972 in
890 1910 1006 1973 aedem
1027 1906 1155 1974 Cereris
1178 1909 1221 1972 ad

93 1995 216 2062 aediles
247 1993 353 2080 plebis
385 1993 598 2071 deferrentur,
637 2017 721 2080 quae
756 2006 852 2059 antea
883 1995 1017 2059 arbitrio
1050 1993 1222 2062 consulum

94 2079 383 2170 supprimebantur
403 2079 679 2166 vitiabanturque.
702 2080 747 2146 M.
771 2080 912 2145 Duillius
936 2081 1055 2147 deinde
1071 2082 1222 2147 tribunus
1242 2097 1275 2146 14

93 2167 198 2254 plebis
229 2163 361 2252 plebem
391 2168 519 2250 rogavit
549 2164 730 2252 plebesque
758 2168 863 2247 scivit,
897 2169 953 2254 qui
987 2168 1117 2254 plebem
1153 2170 1222 2234 sinc

92 2254 229 2320 tribunis
260 2250 449 2339 reliquisset
479 2253 601 2339 quique
634 2255 858 2338 magistratum
891 2259 960 2318 sine
985 2256 1221 2342 provocatione

93 2347 245 2422 creasset,
268 2349 362 2421 tergo
386 2359 426 2402 ac
449 2339 556 2424 capite
579 2341 757 2424 puniretur.
790 2339 871 2404 haec
903 2341 1010 2404 omnia
1043 2350 1080 2404 ut
1101 2341 1221 2424 invitis,
1242 2358 1275 2407 1u

91 2428 134 2492 ita
155 2448 224 2492 non
245 2424 495 2489 adversantibus
523 2427 666 2510 patriciis
697 2436 869 2508 transacta,
903 2427 979 2512 quia
1010 2425 1155 2490 nondum
1188 2428 1222 2489 iu

92 2533 290 2601 quemquam
313 2533 413 2575 unum
437 2511 652 2578 saeviebatur.

90 2788 141 2854 De
173 2784 401 2871 rogationibus
428 2806 448 2848 a
471 2781 627 2849 Canuleio
655 2784 880 2870 promulgatis,
914 2786 955 2849 de
977 2787 1117 2853 tribunis
1140 2789 1275 2856 militum

237 2886 400 2954 consulari
422 2897 585 2972 potestate
608 2898 641 2953 ct
664 2888 705 2953 de
728 2889 927 2954 censoribus.
951 2889 1009 2973 IV,
1035 2896 1129 2956 1-9.

191 3025 219 3092 Ι.
242 3024 282 3090 Τ.
306 3023 493 3105 Quinctium
517 3024 735 3112 Capitolinum
760 3036 792 3091 et
807 3026 990 3112 Agrippam
1005 3029 1151 3103 Furium,
1170 3030 1226 3115 qui
1246 3049 1259 3096 1

89 3110 241 3180 consules
256 3111 389 3177 fuerunt
411 3133 494 3176 anno
517 3115 746 3179 trecentesimo
764 3125 890 3187 octavo,
938 3136 1012 3178 uam
1027 3113 1105 3178 urbs
1121 3115 1226 3180 Roma

89 3201 223 3267 condita
247 3208 328 3273 erat,
351 3199 454 3263 secuti
478 3209 553 3264 aunt
572 3199 617 3262 M.
634 3199 799 3264 Genucius
816 3209 848 3263 et
864 3199 899 3265 O.
915 3137 1049 3264 bunius
1065 3199 1224 3265 consules.

88 3287 148 3352 fuit
170 3307 277 3350 annus
300 3284 389 3350 domi
410 3284 555 3371 forisque
576 3285 722 3350 infestus.
746 3309 820 3349 nam
843 3287 918 3349 anni
942 3286 1101 3371 principio
1126 3296 1159 3350 et
1182 3286 1224 3350 de

89 3370 232 3439 conubio
269 3382 399 3456 patrum
437 3381 470 3436 et
507 3371 612 3457 plebis
645 3370 680 3437 0.
714 3370 890 3438 Canuleius
928 3371 1077 3436 tribunus
1115 3370 1222 3458 plebis

88 3459 292 3545 rogationem
315 3456 544 3543 promulgavit,
579 3480 644 3545 qua
675 3459 886 3522 contaminari
914 3460 1103 3543 sanguinem
1127 3474 1262 3522 suuma

88 3556 198 3630 patres
222 3542 442 3631 confundique
464 3545 536 3608 iura
558 3547 703 3629 gentium
725 3545 891 3628 rebantur,
915 3555 948 3609 et
971 3544 1090 3609 mentio
1114 3546 1221 3629 primo

88 3633 208 3697 sensim
243 3627 344 3696 inlata
376 3652 397 3695 a
427 3629 573 3710 tribunis,
611 3641 647 3695 ut
679 3630 817 3696 alterum
851 3653 894 3695 ex
925 3629 1023 3716 plebe
1054 3629 1223 3695 consulem

88 3716 203 3783 liceret
233 3715 315 3798 fieri,
352 3739 391 3782 eo
429 3718 588 3803 processit
626 3718 754 3799 deinde,
791 3727 827 3782 ut
863 3718 1065 3801 rogationem
1104 3738 1224 3781 novem

88 3804 210 3869 tribuni
223 3802 481 3889 promulgarent,
504 3812 541 3868 ut
556 3802 679 3890 populo
696 3814 842 3889 potestas
858 3814 955 3876 esset,
980 3825 1039 3867 seu
1062 3802 1103 3867 de
1126 3802 1224 3886 plebe

88 3912 144 3955 seu
167 3889 210 3954 de
227 3888 379 3973 patribus
403 3888 512 3976 vellet,
549 3890 705 3959 consules
727 3891 886 3960 lacienbi.
913 3890 956 3955 ‘m
973 3912 1058 3955 ncnc
1080 3888 1114 3949 si
1128 3887 1282 3960 ”nereus
