2738 4146
364 139 472 190 LIBER
488 139 523 191 ll.
543 140 617 191 CAP.
636 143 679 192 56.
698 139 731 208 [a.
748 141 782 192 U.
801 157 823 192 c.
841 140 996 210 282-983h
1210 131 1267 190 101

94 311 171 375 tulit
202 311 243 373 ad
275 332 318 397 po
342 308 442 392 ulum,
479 319 515 374 ut
545 308 652 393 plebei
682 311 890 392 magistratus
921 310 1050 374 tributis
1083 311 1222 376 comitiis

96 398 224 461 fierent.
247 333 340 459 haud
349 416 454 480 parva
467 416 521 459 res
537 394 597 459 sub
613 393 704 458 titulo
726 396 829 481 prima
844 396 951 479 specie
971 397 1103 460 minime
1118 399 1221 461 atroci
1238 418 1256 466 a

94 481 273 561 ferebatur,
306 482 364 544 sed
387 501 471 563 quae
492 481 635 565 patriciis
663 501 791 544 omnem
817 490 1011 566 potestatem
1041 503 1101 565 per
1127 480 1221 547 clien-
1247 509 1249 513 ·

96 570 179 631 tium
202 567 355 650 suffragia
377 565 517 648 creandi,
541 588 623 652 quos
645 565 775 649 vellent,
797 566 944 631 tribunos
968 566 1117 632 auferret.
1145 567 1255 637 huics

96 655 218 718 actioni
240 653 444 735 gratissimae
466 650 555 736 plebi
578 674 651 715 cum
680 673 806 715 summa
826 652 861 716 vi
887 653 1074 716 resisterent
1099 663 1221 739 patres,

97 761 170 821 nec,
195 760 278 822 quae
293 759 359 801 una
371 738 421 801 vis
438 739 479 800 ad
495 738 711 800 resistendum
727 747 805 820 erat,
821 747 857 799 ut
872 737 1089 802 intercederet
1104 739 1220 824 aliquis

95 847 142 888 ex
164 823 309 906 conlegio
332 824 523 886 auctoritate
546 832 601 886 aut
623 822 791 886 consulum
814 832 869 886 aut
890 824 1073 908 principum
1101 825 1221 889 adduci

95 919 219 995 posset,
240 931 293 973 res
314 918 424 973 tamen
446 930 504 973 suo
527 909 599 992 ipsa
620 907 784 972 molimine
806 911 914 991 gravis
931 910 1160 974 certaminibus
1185 911 1219 974 in

95 1018 217 1058 annum
239 994 429 1058 extrahitur.
452 991 545 1078 plebs
561 993 757 1058 Voleronem
772 993 937 1057 tribunum
959 994 1076 1075 reficit3
1099 1005 1219 1081 patres,
1241 1017 1259 1066 s

96 1081 140 1144 ad
163 1079 311 1144 ultimum
334 1080 548 1143 dimicationis
569 1081 631 1142 rati
653 1100 723 1143 rem
745 1087 925 1162 venturam,
947 1079 1011 1165 Ap.
1036 1078 1220 1165 Claudium,

94 1166 186 1252 Appi
208 1164 320 1248 filium,
350 1166 415 1228 iam
437 1165 513 1228 inde
535 1187 555 1229 a
581 1165 724 1250 paternis
753 1165 982 1229 certaminibus
1008 1167 1147 1230 invisum
1174 1168 1220 1230 in·

97 1252 282 1335 festumque
313 1250 411 1336 plebi,
443 1249 608 1314 consulem
638 1250 769 1313 faciunt.
799 1249 934 1334 conlega
966 1251 996 1315 ei
1027 1251 1065 1315 Τ.
1099 1250 1220 1331 Quinc·

94 1341 161 1401 tius
184 1337 287 1400 datur.

197 1421 360 1505 Principio
389 1421 496 1484 statim
526 1421 600 1483 anni
627 1419 707 1483 nihil
730 1421 821 1506 prius
849 1443 946 1507 quam
975 1421 1016 1486 de
1047 1420 1120 1506 lege
1147 1433 1257 1506 age-o

96 1507 203 1571 batur.
235 1507 293 1570 sed
314 1516 351 1570 ut
371 1507 520 1570 inventor
541 1504 622 1590 legis
645 1505 776 1588 Volero,
810 1507 856 1570 sic
878 1506 1061 1591 Laetorius,
1084 1507 1221 1592 conlega

94 1595 176 1675 eius,
200 1603 314 1657 auctor
336 1613 408 1655 cum
424 1593 592 1673 recentior,
615 1600 684 1655 tum
699 1594 806 1654 aerior
822 1600 901 1655 erat
924 1592 1065 1657 ferocem
1078 1593 1221 1660 faciebat
1238 1606 1253 1653 7

96 1678 175 1742 belli
196 1676 299 1761 gloria
320 1679 442 1760 ingens,
467 1676 552 1763 quod
576 1678 691 1741 aetatis
715 1679 784 1740 eius
810 1675 896 1740 baud
925 1680 1096 1764 quisquam
1121 1702 1220 1744 manu

121 1765 280 1847 romptim·
302 1774 380 1828 erat.
404 1764 442 1844 is,
465 1785 538 1825 cum
561 1761 682 1825 Volero
705 1760 785 1824 nihil
816 1772 1045 1848 praeterquam
1074 1764 1116 1828 de
1145 1762 1219 1848 lege

94 1787 286 1934 loqueretur
323 1848 533 1912 insectatione
555 1847 719 1912 abstinens
751 1847 928 1929 consulum,
960 1853 1062 1933 ipsam
1089 1872 1218 1915 accusa

94 1936 218 1998 tionem
241 1934 331 2018 Appi
352 1933 558 2017 familiaeque
580 1933 829 2017 superbissimae
856 1955 896 1998 ao
917 1933 1157 2000 crudelissimae
1184 1938 1217 2000 in
1238 1962 1255 2010 8

95 2020 229 2106 plebem
250 2020 428 2084 Romanam
451 2040 597 2101 exorsus,
629 2041 703 2083 cum
730 2042 750 2082 a
775 2019 923 2106 patribus
950 2043 1015 2086 non
1042 2021 1218 2108 consulem,

94 2106 155 2169 sed
178 2105 363 2169 carnificem
386 2105 428 2168 ad
449 2104 633 2168 vexandam
656 2113 688 2168 et
710 2103 914 2169 lacerandam
929 2105 1059 2191 plebem
1075 2117 1218 2172 creatum

94 2213 170 2255 esse
194 2191 412 2272 contenderet,
435 2190 526 2254 rudis
548 2191 580 2252 in
596 2189 726 2253 militari
741 2190 872 2254 homine
889 2189 998 2273 lingua
1020 2214 1084 2255 non
1100 2215 1217 2278 suppe-

92 2276 187 2341 tebat
203 2275 344 2340 libertati
367 2276 472 2339 animo
496 2297 547 2339 ue.
570 2276 681 2360 itaque
704 2276 875 2340 deficiente
898 2279 1041 2341 oratione
1066 2278 1253 2363 ,quandoa

94 2363 230 2448 quidem
259 2383 323 2426 non
357 2360 451 2424 facile
475 2298 617 2445 loquor“
641 2363 755 2447 inquit,
780 2361 955 2445 „Quirites
989 2385 1095 2446 quam,
1128 2363 1215 2450 quod

93 2447 222 2512 locutus
249 2470 330 2530 sum,
361 2454 502 2532 praesto,
531 2448 670 2511 crastino
698 2446 751 2510 die
778 2447 899 2511 adeste.
932 2470 992 2531 ego
1020 2448 1073 2511 hie
1100 2458 1156 2512 aut
1182 2451 1216 2513 in

92 2542 273 2618 conspeetu
302 2543 412 2597 vestro
449 2534 569 2597 moriar
604 2541 660 2596 aut
690 2532 851 2618 perferam
886 2531 1023 2616 legem.“
1056 2544 1216 2619 occupant
1225 2545 1260 2595 10

90 2618 215 2682 tribuni
236 2628 303 2683 tem
327 2616 394 2682 lum
416 2628 547 2704 postero
571 2619 639 2698 die3
671 2617 819 2682 consules
845 2617 1061 2705 nobilitasque
1089 2620 1132 2682 ad
1158 2621 1215 2685 im·

93 2704 291 2790 pediendam
303 2641 412 2786 legem
426 2705 459 2767 in
475 2705 625 2768 contione
640 2705 826 2767 consistunt.
843 2703 1029 2770 submoveri
1043 2704 1214 2770 Laetorius

91 2789 194 2873 iubet,
220 2800 451 2874 praeterquam
474 2791 530 2874 qui
551 2789 738 2872 suffragium
760 2791 877 2854 ineant.
911 2789 1135 2855 adulescentes
1156 2812 1214 2855 no·
1233 2804 1265 2852 11

92 2874 178 2938 biles
201 2875 331 2939 stabant
346 2873 425 2938 nihil
441 2875 593 2939 cedentes
609 2875 734 2940 viatori.
757 2884 826 2939 tum
851 2897 894 2940 ex
915 2876 965 2940 his
980 2877 1097 2962 prendi
1141 2898 1213 2940 uos·

91 2961 169 3024 dam
186 2960 355 3024 Laetorius
378 2960 477 3026 iubet.
500 2959 612 3024 consul
626 2959 755 3044 Appius
776 2982 896 3043 negare
919 2963 967 3025 ius
991 2985 1062 3026 esse
1084 2899 1213 3026 tribuno

90 3048 126 3109 in
148 3068 345 3132 quemquam
366 3047 428 3109 nisi
448 3047 482 3109 in
504 3044 680 3130 plebeium;
702 3067 766 3110 non
783 3049 868 3109 enim
882 3047 1004 3132 populi,
1027 3048 1084 3110 sed
1107 3047 1212 3132 plebis

90 3154 166 3196 eum
198 3132 423 3214 magistratum
454 3153 540 3213 esse,
572 3152 634 3195 nec
664 3129 755 3197 illum
785 3133 893 3215 ipsum
924 3133 1120 3198 submovere
1150 3155 1211 3218 pro
1232 3147 1266 3194 12

91 3218 228 3300 imperio
259 3239 357 3301 posse
386 3239 475 3281 more
501 3218 668 3298 maiorum,
705 3219 779 3302 quia
807 3219 853 3281 ita
882 3218 1009 3282 dicatur
1042 3220 1088 3302 „si
1119 3218 1212 3283 vobis

90 3303 231 3385 videtur,
255 3303 422 3385 discedite,
445 3302 620 3381 Quirites.“
644 3302 737 3368 facile
761 3306 970 3387 contemptim
994 3304 1034 3368 de
1055 3305 1126 3369 iure
1149 3305 1212 3368 dis-

89 3389 230 3452 serendo
263 3388 454 3472 perturbare
485 3388 671 3452 Laetorium
702 3396 839 3472 poterat.
876 3390 994 3453 ardens
1031 3391 1128 3472 igitur
1164 3391 1213 3454 ira
1232 3406 1265 3454 13

89 3473 240 3537 tribunus
267 3474 425 3538 viatorem
450 3475 548 3538 mittit
576 3473 619 3537 ad
644 3473 818 3557 consulem,
850 3474 961 3540 consul
991 3474 1138 3540 lictorem
1170 3476 1213 3540 sd

90 3558 269 3639 tribunum,
285 3561 450 3644 privatum
472 3582 544 3625 esse
567 3559 744 3643 clamitans,
767 3561 836 3624 sine
858 3561 1005 3646 impen‘o,
1022 3563 1090 3625 sine
1112 3563 1212 3646 magi-

89 3654 207 3726 stratu3
238 3645 441 3732 violatusque
464 3654 550 3710 esset
571 3644 729 3728 tribunus,
751 3647 785 3708 ni
807 3656 839 3709 et
862 3648 967 3710 contio
991 3649 1093 3711 omnis
1115 3657 1212 3713 atrox
1230 3664 1263 3711 ta

89 3740 202 3794 coorta
224 3753 283 3815 pro
307 3731 434 3797 tribuno
458 3732 491 3795 in
506 3731 670 3796 consulem
686 3740 781 3814 esset,
805 3740 838 3796 et
852 3732 1237 3822 concursushonimum

88 3817 121 3880 in
144 3817 251 3882 forum
275 3840 316 3881 ex
340 3826 406 3882 tota
427 3817 508 3883 urbe
524 3819 708 3887 concitatae
722 3817 1082 3885 snitltitudiuisheret.
1103 3817 1258 3873 susm·
