2738 4146
356 122 464 172 ninnn
482 123 502 172 1.
539 122 613 173 cnr.
634 126 676 173 10.
695 127 734 174 n.
755 127 795 174 12.
814 123 850 192 [a.
870 126 901 176 o.
921 142 942 175 ο.
963 125 1055 192 1-371
1269 116 1304 170 ιι

119 298 239 374 visum,
263 316 325 358 nec
341 294 470 357 inritam
488 293 664 357 conditoris
679 292 792 379 templi
807 317 922 360 vocem
946 317 1027 377 esse,
1051 318 1116 382 qua
1131 294 1254 360 laturos

122 405 162 448 eo
188 378 295 467 spolia
317 389 467 465 posteros
489 381 700 465 nuncupavit,
735 402 796 444 nec
830 380 1036 446 multitudine
1069 394 1254 467 compotum

123 470 194 534 eius
220 467 295 530 doni
319 465 447 550 vulgari
469 465 609 529 laudem.
634 465 712 529 bina
734 477 850 550 postea
872 468 959 531 inter
986 477 1034 532 tot
1063 458 1190 544 annoss‘
1207 477 1255 532 tot

122 553 213 619 bella
236 553 344 636 opima
366 562 460 637 parta
482 560 557 615 sunt
580 550 699 636 spolia3
739 552 820 616 adeo
853 576 927 617 rara
956 555 1025 617 eius
1047 553 1177 618 fortuna
1200 555 1253 618 de·

121 641 209 705 coris
230 638 300 702 fnit.
1264 646 1298 696 a

225 723 285 788 XI.
308 721 398 785 Dum
426 743 466 785 ea
496 721 541 785 ibi
563 722 702 787 Romani
733 733 859 806 gerunt,
883 722 1128 788 Antemnatium
1161 747 1252 789 exer·
1283 748 1296 794 1

121 811 208 875 citus
231 831 291 895 per
314 807 519 871 occasionem
542 829 580 870 ac
603 807 810 873 solitudinem
834 809 997 874 hostiliter
1024 812 1056 871 in
1087 810 1168 875 fines
1191 812 1253 876 Ro-

121 917 236 960 manos
258 895 477 958 incursionem
499 893 586 957 facit.
618 895 737 979 raptim
773 907 806 958 et
837 897 878 959 ad
911 895 971 960 hos
994 896 1141 960 Romana
1168 897 1253 981 legio

121 983 224 1046 ducta
246 979 374 1066 palatos
397 981 429 1042 in
453 981 539 1061 agris
572 982 745 1065 oppressit.
779 981 842 1047 fusi
873 984 972 1065 igitur
999 983 1105 1067 primo
1128 983 1254 1068 impetu
1282 1006 1299 1052 2

122 1082 156 1132 et
184 1067 327 1131 clamore
358 1065 480 1146 hostes,
523 1067 679 1150 oppidum
712 1080 854 1150 captum,
899 1067 1089 1152 duplicique
1120 1070 1254 1133 victoria

122 1162 276 1219 ovantem
299 1150 473 1215 Romulum
489 1150 631 1215 Hersilia
654 1154 794 1216 coniunx
817 1155 971 1238 precibus
993 1162 1161 1238 raptarum
1183 1155 1251 1218 fati·

123 1249 201 1324 gata
224 1248 305 1321 orat,
338 1247 374 1300 ut
396 1237 586 1322 parentibus
610 1260 721 1301 earum
745 1239 801 1303 det
823 1241 951 1302 veniam
977 1250 1010 1304 et
1031 1243 1064 1303 in
1088 1240 1252 1305 civitatem

124 1327 279 1410 accipiat:
316 1323 363 1387 ita
384 1345 454 1387 rem
479 1322 663 1387 coalescere
687 1326 861 1388 concordia
891 1347 999 1409 posse.
1037 1325 1131 1389 facile
1154 1328 1253 1412 impe·

122 1421 253 1475 tratum.
278 1410 355 1472 inde
371 1420 484 1473 contra
501 1408 727 1474 Crustuminos
743 1411 908 1495 profectus
925 1410 1046 1476 bellum
1066 1412 1252 1476 inferentes.
1281 1437 1298 1484 3

124 1497 169 1561 ibi
191 1497 297 1559 minus
321 1496 428 1576 etiam,
453 1495 539 1580 quod
565 1494 676 1559 alienis
693 1496 840 1561 cladibus
853 1498 1038 1561 ceciderant
1054 1498 1161 1577 animi,
1186 1521 1253 1562 cer-

124 1583 253 1647 taminis
276 1581 343 1644 fuit.
378 1591 516 1666 utroque
545 1581 691 1645 coloniae
719 1583 851 1664 missae;
889 1583 1000 1668 plures
1034 1585 1166 1665 inventi,
1199 1587 1252 1668 qui
1280 1611 1299 1657 4

124 1677 263 1755 propter
285 1667 468 1730 ubertatem
498 1676 605 1730 terrae
636 1669 668 1729 in
693 1666 934 1732 Crustuminum
966 1670 1098 1732 nomina
1130 1670 1253 1733 darent

125 1763 158 1819 et
170 1755 307 1818 Romam
320 1753 395 1816 inde
407 1752 597 1837 frequenter
608 1755 780 1837 migratum
795 1765 853 1837 est,
871 1777 890 1817 a
905 1755 1095 1840 parentibus
1113 1758 1254 1820 maxime

123 1861 163 1904 ac
186 1839 377 1926 propinquis
400 1854 576 1924 raptarum.
1251 1870 1281 1886 -

229 1922 448 1988 Novissimum
482 1924 522 1986 ab
551 1924 679 1987 Sabinis
711 1924 833 1988 bellum
868 1935 984 2006 ortum,
1018 1924 1187 2012 multoque
1219 1926 1251 1988 id
1280 1945 1298 1992 5

123 2010 301 2074 maximum
325 2011 399 2092 fuit3
432 2010 510 2073 nihil
534 2013 618 2072 enim
641 2013 802 2095 perirem
832 2022 888 2074 aut
911 2012 1122 2096 cupiditatem
1145 2022 1252 2075 actum

124 2106 184 2174 est,
207 2117 269 2159 nec
291 2097 503 2160 ostenderunt
526 2095 647 2159 bellum
672 2098 761 2182 prius
786 2120 883 2183 quam
906 2097 1093 2161 intulerunt.
1118 2098 1250 2161 consilio
1280 2118 1298 2164 o

124 2183 224 2245 etiam
247 2182 376 2245 additus
401 2181 504 2246 dolus.
546 2181 601 2267 sp.
625 2182 785 2268 Tarpeius
807 2183 972 2246 Romanae
1004 2194 1154 2268 praeerat
1176 2187 1251 2250 arci.

124 2267 222 2331 huius
244 2267 343 2331 filiam
367 2270 525 2352 virginem
549 2289 628 2332 auro
653 2270 831 2353 corrumpit
853 2268 975 2350 Tatius,
999 2280 1034 2333 ut
1057 2280 1197 2333 armatos
1220 2272 1252 2332 in

123 2375 234 2417 arcem
256 2355 424 2439 accipian-1
440 2377 557 2439 aquam
590 2354 673 2418 forte
706 2376 745 2417 ea
775 2365 845 2418 tum
877 2356 976 2418 sacris
1008 2364 1102 2418 extra
1124 2357 1253 2418 moenia

124 2440 261 2525 petitum
283 2440 374 2504 ierat.
412 2442 538 2523 accepti
571 2438 720 2503 obrutam
752 2442 851 2502 armis
879 2458 1048 2517 necavere,
1081 2462 1138 2503 seu
1162 2452 1197 2504 ut
1219 2445 1251 2505 vi
1280 2459 1296 2506 7

124 2534 220 2610 capta
241 2526 350 2611 potius
373 2548 433 2589 arx
455 2527 630 2604 videretur,
655 2549 711 2589 seu
736 2526 895 2611 prodendi
912 2525 1055 2611 exempli
1079 2547 1186 2605 causa,
1210 2549 1251 2590 ne

124 2611 201 2697 quid
226 2632 365 2696 usquam
387 2611 489 2675 fidum
520 2613 680 2696 proditori
713 2622 809 2675 esset.
844 2612 976 2674 additur
1006 2611 1130 2684 fabula,
1162 2614 1250 2696 quod
1279 2633 1296 2680 8

123 2695 222 2780 vulgo
247 2696 358 2761 Sabini
380 2719 495 2761 aureas
519 2697 660 2760 armillas
683 2697 792 2781 magni
815 2698 969 2782 ponderis
986 2696 1139 2761 bracchio
1157 2697 1250 2762 laevo

122 2793 369 2866 gemmatosque
386 2806 504 2867 magna
526 2784 633 2868 specie
650 2782 765 2848 anulos
781 2784 962 2861 habuerint,
986 2785 1152 2869 pepigisse
1169 2805 1250 2864 eam,

146 2868 211 2931 uod
235 2869 268 2930 in
292 2871 428 2933 sinistris
452 2871 602 2933 manibus
626 2869 799 2951 haberent3
823 2892 861 2933 eo
886 2880 979 2932 scuta
1001 2869 1047 2932 illi
1068 2891 1126 2954 pro
1144 2871 1250 2933 aureis

122 2891 217 3017 donis
240 2967 405 3037 congesta.
429 2965 513 3037 sunt,
548 2956 602 3041 qui
635 2978 707 3018 eam
731 2977 774 3018 ex
795 2966 890 3039 pacto
914 2956 1074 3033 tradendi,
1108 2955 1193 3040 quod
1218 2957 1249 3017 in
1278 2975 1295 3022 9

121 3041 259 3115 sinistris
282 3042 432 3104 menibus
449 3051 545 3122 esset,
571 3042 703 3105 derecto
721 3063 811 3103 arma
827 3043 946 3126 petisse
963 3042 1073 3103 dicant
1089 3051 1121 3104 et
1135 3040 1250 3103 fraude

120 3127 226 3192 visam
250 3148 348 3209 agere
371 3149 430 3190 sua
452 3129 556 3212 ipsam
580 3138 780 3212 peremptam
805 3128 966 3190 mercede.
1308 3193 1312 3200 ,

225 3211 303 3274 Xll.
326 3211 476 3276 'l'enuere
499 3224 606 3276 tamen
631 3235 738 3275 arcem
763 3211 874 3276 Sabini
898 3223 995 3297 atquc
1019 3212 1094 3274 inde
1117 3221 1249 3295 postero
1279 3236 1292 3282 ι

121 3297 185 3378 dic,
211 3319 284 3360 cum
299 3298 462 3363 Romanus
487 3299 649 3362 exercitus
672 3300 847 3362 instructus
866 3301 952 3384 quod
970 3301 1052 3360 inter
1068 3297 1249 3360 Palatinum

120 3382 407 3469 Capitolinumque
443 3384 557 3448 collem
596 3385 701 3467 campi
740 3393 788 3446 est
826 3384 1019 3468 conplcsset‚
1058 3405 1122 3446 non
1159 3384 1250 3467 prius

120 3469 362 3533 descenderunt
376 3473 407 3533 in
424 3493 575 3555 aequum,
600 3492 696 3554 quam
712 3471 760 3532 ira
777 3479 809 3532 et
825 3471 1001 3554 cupiditate
1017 3469 1251 3554 reciperandae

117 3555 204 3620 arcis
228 3554 413 3620 stimulante
436 3558 559 3619 animos
581 3557 613 3618 in
637 3556 810 3618 adversum
835 3556 972 3618 Romani
997 3554 1136 3618 subiere.
1166 3557 1249 3639 prin·
1278 3580 1295 3626 2

118 3643 212 3725 cipes
235 3643 398 3725 utrimque
422 3665 562 3727 pugnam
588 3641 726 3722 ciebant,
750 3642 790 3704 ab
809 3640 937 3705 Sabinis
955 3641 1086 3705 Mettius
1108 3639 1250 3721 Curtius,

119 3725 164 3793 ab
197 3726 352 3790 Romanis
375 3728 511 3792 Hostius
534 3727 705 3791 Hostilius.
744 3726 796 3790 hic
828 3749 899 3791 rem
928 3727 1114 3790 Romanam
1138 3728 1259 3804 Ἀώῳ

118 3810 195 3899 loco
218 3813 261 3876 ad
285 3814 392 3898 prima
422 3817 517 3900 signa
549 3817 658 3883 animo
692 3825 795 3906 atque
830 3815 978 3882 audacia
1006 3808 1213 3876 sustxndsat.
1243 3811 1291 3858 xxa
1317 3823 1341 3862 a
