<?xml version="1.0" encoding="UTF-8"?>
<!DOCTYPE html PUBLIC "-//W3C//DTD XHTML 1.0 Transitional//EN"
    "http://www.w3.org/TR/xhtml1/DTD/xhtml1-transitional.dtd">
<html xmlns="http://www.w3.org/1999/xhtml" xml:lang="en" lang="en">
 <head>
  <title>
</title>
<meta http-equiv="Content-Type" content="text/html;charset=utf-8" />
  <meta name='ocr-system' content='tesseract 3.04.00' />
  <meta name='ocr-capabilities' content='ocr_page ocr_carea ocr_par ocr_line ocrx_word'/>
</head>
<body>
  <div class='ocr_page' id='page_1' title='image "./aburbeconditali02livygoog_0087.png"; bbox 0 0 2738 4146; ppageno 0'>
   <div class='ocr_carea' id='block_1_1' title="bbox 86 108 1005 186">
    <p class='ocr_par' dir='ltr' id='par_1_1' title="bbox 86 108 1005 186">
     <span class='ocr_line' id='line_1_1' title="bbox 86 108 1005 186; baseline 0.002 -20"><span class='ocrx_word' id='word_1_1' title='bbox 86 108 126 166; x_wconf 81' lang='lat'>74</span> <span class='ocrx_word' id='word_1_2' title='bbox 392 120 499 168; x_wconf 74' lang='lat' dir='ltr'>amaa</span> <span class='ocrx_word' id='word_1_3' title='bbox 516 120 550 169; x_wconf 88' lang='lat'>11.</span> <span class='ocrx_word' id='word_1_4' title='bbox 574 119 648 168; x_wconf 76' lang='lat' dir='ltr'>car.</span> <span class='ocrx_word' id='word_1_5' title='bbox 667 122 707 168; x_wconf 82' lang='lat' dir='ltr'>aa.</span> <span class='ocrx_word' id='word_1_6' title='bbox 727 122 768 170; x_wconf 80' lang='lat'>27.</span> <span class='ocrx_word' id='word_1_7' title='bbox 792 118 825 186; x_wconf 73' lang='lat' dir='ltr'>[a.</span> <span class='ocrx_word' id='word_1_8' title='bbox 843 118 876 169; x_wconf 82' lang='lat' dir='ltr'>u.</span> <span class='ocrx_word' id='word_1_9' title='bbox 895 135 917 169; x_wconf 68' lang='grc' dir='ltr'>ο.</span> <span class='ocrx_word' id='word_1_10' title='bbox 938 117 1005 185; x_wconf 74' lang='lat'>²²5⁰]-</span> 
     </span>
    </p>
   </div>
   <div class='ocr_carea' id='block_1_2' title="bbox 95 289 1269 3886">
    <p class='ocr_par' dir='ltr' id='par_1_2' title="bbox 136 289 1267 377">
     <span class='ocr_line' id='line_1_2' title="bbox 136 289 1267 377; baseline 0.002 -23"><span class='ocrx_word' id='word_1_11' title='bbox 136 293 208 377; x_wconf 91' lang='lat' dir='ltr'>ipsa</span> <span class='ocrx_word' id='word_1_12' title='bbox 231 302 338 356; x_wconf 89' lang='lat' dir='ltr'>castra</span> <span class='ocrx_word' id='word_1_13' title='bbox 358 290 539 373; x_wconf 84' lang='lat' dir='ltr'>legionibus</span> <span class='ocrx_word' id='word_1_14' title='bbox 563 291 780 372; x_wconf 88' lang='lat' dir='ltr'>circumdatis,</span> <span class='ocrx_word' id='word_1_15' title='bbox 804 313 879 353; x_wconf 92' lang='lat' dir='ltr'>cum</span> <span class='ocrx_word' id='word_1_16' title='bbox 901 289 1040 354; x_wconf 82' lang='lat' dir='ltr'>Volscos</span> <span class='ocrx_word' id='word_1_17' title='bbox 1063 291 1140 355; x_wconf 90' lang='lat' dir='ltr'>inde</span> <span class='ocrx_word' id='word_1_18' title='bbox 1164 293 1267 356; x_wconf 90' lang='lat' dir='ltr'>etiam</span> 
     </span>
    </p>

    <p class='ocr_par' dir='ltr' id='par_1_3' title="bbox 97 376 1269 635">
     <span class='ocr_line' id='line_1_3' title="bbox 97 376 1265 462; baseline -0.003 -18"><span class='ocrx_word' id='word_1_19' title='bbox 97 397 113 444; x_wconf 80' lang='lat' dir='ltr'>t</span> <span class='ocrx_word' id='word_1_20' title='bbox 136 400 239 462; x_wconf 89' lang='lat' dir='ltr'>pavor</span> <span class='ocrx_word' id='word_1_21' title='bbox 255 376 441 462; x_wconf 82' lang='lat' dir='ltr'>expulisset,</span> <span class='ocrx_word' id='word_1_22' title='bbox 458 386 555 462; x_wconf 88' lang='lat' dir='ltr'>capta</span> <span class='ocrx_word' id='word_1_23' title='bbox 571 377 771 461; x_wconf 81' lang='lat' dir='ltr'>direptaque.</span> <span class='ocrx_word' id='word_1_24' title='bbox 799 387 931 461; x_wconf 92' lang='lat' dir='ltr'>postero</span> <span class='ocrx_word' id='word_1_25' title='bbox 955 377 1008 439; x_wconf 87' lang='lat' dir='ltr'>die</span> <span class='ocrx_word' id='word_1_26' title='bbox 1037 378 1078 440; x_wconf 88' lang='lat' dir='ltr'>ad</span> <span class='ocrx_word' id='word_1_27' title='bbox 1103 377 1265 441; x_wconf 83' lang='lat' dir='ltr'>Suessam</span> 
     </span>
     <span class='ocr_line' id='line_1_4' title="bbox 138 461 1269 548; baseline 0.002 -22"><span class='ocrx_word' id='word_1_28' title='bbox 138 464 328 542; x_wconf 83' lang='lat' dir='ltr'>Pometiam,</span> <span class='ocrx_word' id='word_1_29' title='bbox 357 485 421 548; x_wconf 94' lang='lat' dir='ltr'>quo</span> <span class='ocrx_word' id='word_1_30' title='bbox 445 464 655 544; x_wconf 83' lang='lat' dir='ltr'>confugerant</span> <span class='ocrx_word' id='word_1_31' title='bbox 678 462 798 540; x_wconf 92' lang='lat' dir='ltr'>hostes,</span> <span class='ocrx_word' id='word_1_32' title='bbox 826 461 1008 545; x_wconf 83' lang='lat' dir='ltr'>legionibus</span> <span class='ocrx_word' id='word_1_33' title='bbox 1032 462 1148 542; x_wconf 91' lang='lat' dir='ltr'>ductis,</span> <span class='ocrx_word' id='word_1_34' title='bbox 1177 465 1269 528; x_wconf 86' lang='lat' dir='ltr'>intra·</span> 
     </span>
     <span class='ocr_line' id='line_1_5' title="bbox 138 548 1265 635; baseline 0.001 -23"><span class='ocrx_word' id='word_1_35' title='bbox 138 571 259 635; x_wconf 90' lang='lat' dir='ltr'>paucos</span> <span class='ocrx_word' id='word_1_36' title='bbox 283 550 353 612; x_wconf 90' lang='lat' dir='ltr'>dies</span> <span class='ocrx_word' id='word_1_37' title='bbox 377 549 534 633; x_wconf 93' lang='lat' dir='ltr'>oppidum</span> <span class='ocrx_word' id='word_1_38' title='bbox 557 549 690 632; x_wconf 86' lang='lat' dir='ltr'>eapitur,</span> <span class='ocrx_word' id='word_1_39' title='bbox 721 557 850 631; x_wconf 90' lang='lat' dir='ltr'>captum</span> <span class='ocrx_word' id='word_1_40' title='bbox 873 548 1014 632; x_wconf 88' lang='lat' dir='ltr'>praedae</span> <span class='ocrx_word' id='word_1_41' title='bbox 1038 548 1161 611; x_wconf 88' lang='lat' dir='ltr'>datum.</span> <span class='ocrx_word' id='word_1_42' title='bbox 1185 550 1265 614; x_wconf 92' lang='lat' dir='ltr'>inde</span> 
     </span>
    </p>

    <p class='ocr_par' dir='ltr' id='par_1_4' title="bbox 98 632 1266 1061">
     <span class='ocr_line' id='line_1_6' title="bbox 98 632 1266 719; baseline -0.003 -17"><span class='ocrx_word' id='word_1_43' title='bbox 98 655 114 702; x_wconf 81' lang='grc'><strong>6</strong></span> <span class='ocrx_word' id='word_1_44' title='bbox 138 633 271 719; x_wconf 87' lang='lat' dir='ltr'>paulum</span> <span class='ocrx_word' id='word_1_45' title='bbox 300 646 464 698; x_wconf 89' lang='lat' dir='ltr'>recreatus</span> <span class='ocrx_word' id='word_1_46' title='bbox 494 656 592 716; x_wconf 81' lang='lat' dir='ltr'>egens</span> <span class='ocrx_word' id='word_1_47' title='bbox 619 633 722 697; x_wconf 89' lang='lat' dir='ltr'>miles.</span> <span class='ocrx_word' id='word_1_48' title='bbox 752 632 864 697; x_wconf 91' lang='lat' dir='ltr'>consul</span> <span class='ocrx_word' id='word_1_49' title='bbox 890 655 961 697; x_wconf 89' lang='lat' dir='ltr'>cum</span> <span class='ocrx_word' id='word_1_50' title='bbox 991 635 1134 696; x_wconf 90' lang='lat' dir='ltr'>maxima</span> <span class='ocrx_word' id='word_1_51' title='bbox 1156 634 1266 718; x_wconf 83' lang='lat' dir='ltr'>gloria</span> 
     </span>
     <span class='ocr_line' id='line_1_7' title="bbox 138 719 1265 784; baseline 0 -1"><span class='ocrx_word' id='word_1_52' title='bbox 138 743 197 784; x_wconf 91' lang='lat' dir='ltr'>sua</span> <span class='ocrx_word' id='word_1_53' title='bbox 211 722 367 784; x_wconf 90' lang='lat' dir='ltr'>victorem</span> <span class='ocrx_word' id='word_1_54' title='bbox 385 720 562 784; x_wconf 89' lang='lat' dir='ltr'>exercitum</span> <span class='ocrx_word' id='word_1_55' title='bbox 578 720 711 782; x_wconf 81' lang='lat' dir='ltr'>Romam</span> <span class='ocrx_word' id='word_1_56' title='bbox 732 720 868 783; x_wconf 79' lang='lat' dir='ltr'>reducit.</span> <span class='ocrx_word' id='word_1_57' title='bbox 894 720 1105 782; x_wconf 80' lang='lat' dir='ltr'>decedentem</span> <span class='ocrx_word' id='word_1_58' title='bbox 1121 719 1265 783; x_wconf 83' lang='lat' dir='ltr'>Romam</span> 
     </span>
     <span class='ocr_line' id='line_1_8' title="bbox 138 804 1265 890; baseline 0 -21"><span class='ocrx_word' id='word_1_59' title='bbox 138 807 373 870; x_wconf 81' lang='lat' dir='ltr'>Ecetranorum</span> <span class='ocrx_word' id='word_1_60' title='bbox 403 804 595 868; x_wconf 91' lang='lat' dir='ltr'>Volscorum</span> <span class='ocrx_word' id='word_1_61' title='bbox 631 804 739 888; x_wconf 81' lang='lat' dir='ltr'>legati,</span> <span class='ocrx_word' id='word_1_62' title='bbox 770 806 869 869; x_wconf 87' lang='lat' dir='ltr'>rebus</span> <span class='ocrx_word' id='word_1_63' title='bbox 901 805 966 867; x_wconf 87' lang='lat' dir='ltr'>suis</span> <span class='ocrx_word' id='word_1_64' title='bbox 1003 807 1154 869; x_wconf 88' lang='lat' dir='ltr'>timentes</span> <span class='ocrx_word' id='word_1_65' title='bbox 1187 816 1265 890; x_wconf 91' lang='lat' dir='ltr'>post</span> 
     </span>
     <span class='ocr_line' id='line_1_9' title="bbox 137 889 1263 976; baseline -0.002 -20"><span class='ocrx_word' id='word_1_66' title='bbox 137 892 316 956; x_wconf 89' lang='lat' dir='ltr'>Pometiam</span> <span class='ocrx_word' id='word_1_67' title='bbox 334 902 472 975; x_wconf 87' lang='lat' dir='ltr'>captam,</span> <span class='ocrx_word' id='word_1_68' title='bbox 489 891 619 954; x_wconf 86' lang='lat' dir='ltr'>adeunt.</span> <span class='ocrx_word' id='word_1_69' title='bbox 643 891 692 953; x_wconf 89' lang='lat' dir='ltr'>his</span> <span class='ocrx_word' id='word_1_70' title='bbox 717 913 758 954; x_wconf 91' lang='lat' dir='ltr'>ex</span> <span class='ocrx_word' id='word_1_71' title='bbox 773 901 903 954; x_wconf 87' lang='lat' dir='ltr'>senatus</span> <span class='ocrx_word' id='word_1_72' title='bbox 920 889 1066 955; x_wconf 90' lang='lat' dir='ltr'>consulto</span> <span class='ocrx_word' id='word_1_73' title='bbox 1084 891 1162 954; x_wconf 91' lang='lat' dir='ltr'>data</span> <span class='ocrx_word' id='word_1_74' title='bbox 1184 914 1263 976; x_wconf 88' lang='lat' dir='ltr'>pax,</span> 
     </span>
     <span class='ocr_line' id='line_1_10' title="bbox 137 979 1204 1061; baseline -0.003 -20"><span class='ocrx_word' id='word_1_75' title='bbox 137 1000 216 1061; x_wconf 87' lang='lat' dir='ltr'>ager</span> <span class='ocrx_word' id='word_1_76' title='bbox 237 979 418 1061; x_wconf 89' lang='lat' dir='ltr'>ademptus.</span> <span class='ocrx_word' id='word_1_77' title='bbox 1200 1030 1204 1038; x_wconf 93' lang='lat'><em>.</em></span> 
     </span>
    </p>

    <p class='ocr_par' dir='ltr' id='par_1_5' title="bbox 98 1059 1264 1404">
     <span class='ocr_line' id='line_1_11' title="bbox 98 1059 1263 1143; baseline -0.003 -13"><span class='ocrx_word' id='word_1_78' title='bbox 98 1083 112 1130; x_wconf 90' lang='lat'>1</span> <span class='ocrx_word' id='word_1_79' title='bbox 239 1063 363 1126; x_wconf 88' lang='lat' dir='ltr'>XXVI.</span> <span class='ocrx_word' id='word_1_80' title='bbox 388 1061 565 1127; x_wconf 80' lang='lat' dir='ltr'>Confestim</span> <span class='ocrx_word' id='word_1_81' title='bbox 595 1071 627 1125; x_wconf 92' lang='lat' dir='ltr'>et</span> <span class='ocrx_word' id='word_1_82' title='bbox 649 1059 761 1125; x_wconf 84' lang='lat' dir='ltr'>Sabini</span> <span class='ocrx_word' id='word_1_83' title='bbox 783 1060 946 1125; x_wconf 90' lang='lat' dir='ltr'>Romanos</span> <span class='ocrx_word' id='word_1_84' title='bbox 974 1062 1182 1143; x_wconf 82' lang='lat' dir='ltr'>territavcre3</span> <span class='ocrx_word' id='word_1_85' title='bbox 1211 1071 1263 1126; x_wconf 90' lang='lat' dir='ltr'>tu·</span> 
     </span>
     <span class='ocr_line' id='line_1_12' title="bbox 137 1146 1263 1231; baseline -0.001 -19"><span class='ocrx_word' id='word_1_86' title='bbox 137 1147 256 1212; x_wconf 92' lang='lat' dir='ltr'>multus</span> <span class='ocrx_word' id='word_1_87' title='bbox 281 1151 363 1211; x_wconf 88' lang='lat' dir='ltr'>enim</span> <span class='ocrx_word' id='word_1_88' title='bbox 390 1149 449 1211; x_wconf 84' lang='lat' dir='ltr'>suit</span> <span class='ocrx_word' id='word_1_89' title='bbox 469 1148 577 1211; x_wconf 83' lang='lat' dir='ltr'>verius</span> <span class='ocrx_word' id='word_1_90' title='bbox 602 1170 697 1231; x_wconf 93' lang='lat' dir='ltr'>quam</span> <span class='ocrx_word' id='word_1_91' title='bbox 715 1146 845 1211; x_wconf 92' lang='lat' dir='ltr'>bellum.</span> <span class='ocrx_word' id='word_1_92' title='bbox 870 1158 966 1211; x_wconf 88' lang='lat' dir='ltr'>nocte</span> <span class='ocrx_word' id='word_1_93' title='bbox 988 1149 1021 1209; x_wconf 91' lang='lat' dir='ltr'>in</span> <span class='ocrx_word' id='word_1_94' title='bbox 1041 1148 1158 1211; x_wconf 89' lang='lat' dir='ltr'>urbem</span> <span class='ocrx_word' id='word_1_95' title='bbox 1182 1170 1263 1211; x_wconf 91' lang='lat' dir='ltr'>nun·</span> 
     </span>
     <span class='ocr_line' id='line_1_13' title="bbox 137 1233 1264 1318; baseline -0.001 -20"><span class='ocrx_word' id='word_1_96' title='bbox 137 1236 251 1298; x_wconf 90' lang='lat' dir='ltr'>tiatum</span> <span class='ocrx_word' id='word_1_97' title='bbox 275 1244 324 1298; x_wconf 90' lang='lat' dir='ltr'>est</span> <span class='ocrx_word' id='word_1_98' title='bbox 350 1235 527 1297; x_wconf 89' lang='lat' dir='ltr'>exercitum</span> <span class='ocrx_word' id='word_1_99' title='bbox 557 1233 711 1296; x_wconf 87' lang='lat' dir='ltr'>Sabinum</span> <span class='ocrx_word' id='word_1_100' title='bbox 740 1233 1011 1318; x_wconf 84' lang='lat' dir='ltr'>praedabundum</span> <span class='ocrx_word' id='word_1_101' title='bbox 1035 1233 1076 1295; x_wconf 95' lang='lat' dir='ltr'>ad</span> <span class='ocrx_word' id='word_1_102' title='bbox 1100 1234 1264 1297; x_wconf 85' lang='lat' dir='ltr'>Anienem</span> 
     </span>
     <span class='ocr_line' id='line_1_14' title="bbox 137 1318 1263 1404; baseline -0.002 -20"><span class='ocrx_word' id='word_1_103' title='bbox 137 1343 266 1384; x_wconf 88' lang='lat' dir='ltr'>amnem</span> <span class='ocrx_word' id='word_1_104' title='bbox 294 1322 496 1404; x_wconf 84' lang='lat' dir='ltr'>pervenisse3</span> <span class='ocrx_word' id='word_1_105' title='bbox 524 1318 567 1381; x_wconf 94' lang='lat' dir='ltr'>ibi</span> <span class='ocrx_word' id='word_1_106' title='bbox 596 1321 716 1403; x_wconf 90' lang='lat' dir='ltr'>passim</span> <span class='ocrx_word' id='word_1_107' title='bbox 745 1319 843 1404; x_wconf 86' lang='lat' dir='ltr'>diripi</span> <span class='ocrx_word' id='word_1_108' title='bbox 871 1329 967 1403; x_wconf 89' lang='lat' dir='ltr'>atque</span> <span class='ocrx_word' id='word_1_109' title='bbox 997 1318 1126 1382; x_wconf 88' lang='lat' dir='ltr'>incendi</span> <span class='ocrx_word' id='word_1_110' title='bbox 1153 1318 1263 1384; x_wconf 83' lang='lat' dir='ltr'>villas.</span> 
     </span>
    </p>

    <p class='ocr_par' dir='ltr' id='par_1_6' title="bbox 98 1404 1263 1576">
     <span class='ocr_line' id='line_1_15' title="bbox 98 1404 1263 1490; baseline -0.001 -22"><span class='ocrx_word' id='word_1_111' title='bbox 98 1427 114 1474; x_wconf 75' lang='lat' dir='ltr'>a</span> <span class='ocrx_word' id='word_1_112' title='bbox 137 1408 253 1468; x_wconf 91' lang='lat' dir='ltr'>missus</span> <span class='ocrx_word' id='word_1_113' title='bbox 276 1404 440 1489; x_wconf 86' lang='lat' dir='ltr'>extemplo</span> <span class='ocrx_word' id='word_1_114' title='bbox 464 1426 502 1468; x_wconf 92' lang='lat' dir='ltr'>eo</span> <span class='ocrx_word' id='word_1_115' title='bbox 527 1427 599 1466; x_wconf 88' lang='lat' dir='ltr'>cum</span> <span class='ocrx_word' id='word_1_116' title='bbox 624 1405 773 1468; x_wconf 91' lang='lat' dir='ltr'>omnibus</span> <span class='ocrx_word' id='word_1_117' title='bbox 797 1405 905 1489; x_wconf 88' lang='lat' dir='ltr'>copiis·</span> <span class='ocrx_word' id='word_1_118' title='bbox 921 1405 1066 1490; x_wconf 92' lang='lat' dir='ltr'>equitum</span> <span class='ocrx_word' id='word_1_119' title='bbox 1086 1404 1126 1468; x_wconf 90' lang='lat' dir='ltr'>A.</span> <span class='ocrx_word' id='word_1_120' title='bbox 1144 1405 1263 1468; x_wconf 91' lang='lat' dir='ltr'>Postu·</span> 
     </span>
     <span class='ocr_line' id='line_1_16' title="bbox 138 1489 1263 1576; baseline -0.001 -22"><span class='ocrx_word' id='word_1_121' title='bbox 138 1494 230 1570; x_wconf 85' lang='lat' dir='ltr'>mius,</span> <span class='ocrx_word' id='word_1_122' title='bbox 261 1495 314 1576; x_wconf 89' lang='lat' dir='ltr'>qui</span> <span class='ocrx_word' id='word_1_123' title='bbox 338 1492 475 1553; x_wconf 89' lang='lat' dir='ltr'>dictator</span> <span class='ocrx_word' id='word_1_124' title='bbox 498 1490 582 1553; x_wconf 88' lang='lat' dir='ltr'>bello</span> <span class='ocrx_word' id='word_1_125' title='bbox 606 1490 722 1554; x_wconf 89' lang='lat' dir='ltr'>Latino</span> <span class='ocrx_word' id='word_1_126' title='bbox 746 1490 864 1571; x_wconf 81' lang='lat' dir='ltr'>fuerat3</span> <span class='ocrx_word' id='word_1_127' title='bbox 894 1500 1023 1554; x_wconf 89' lang='lat' dir='ltr'>secutus</span> <span class='ocrx_word' id='word_1_128' title='bbox 1048 1490 1163 1552; x_wconf 93' lang='lat' dir='ltr'>consul</span> <span class='ocrx_word' id='word_1_129' title='bbox 1188 1489 1263 1554; x_wconf 84' lang='lat' dir='ltr'>Ser·</span> 
     </span>
    </p>

    <p class='ocr_par' dir='ltr' id='par_1_7' title="bbox 98 1574 1264 1991">
     <span class='ocr_line' id='line_1_17' title="bbox 98 1574 1264 1661; baseline 0 -21"><span class='ocrx_word' id='word_1_130' title='bbox 98 1577 232 1648; x_wconf 79' lang='lat' dir='ltr'>avilius</span> <span class='ocrx_word' id='word_1_131' title='bbox 256 1599 327 1640; x_wconf 91' lang='lat' dir='ltr'>cum</span> <span class='ocrx_word' id='word_1_132' title='bbox 352 1577 479 1640; x_wconf 88' lang='lat' dir='ltr'>delecta</span> <span class='ocrx_word' id='word_1_133' title='bbox 497 1577 642 1660; x_wconf 89' lang='lat' dir='ltr'>peditum</span> <span class='ocrx_word' id='word_1_134' title='bbox 667 1599 772 1639; x_wconf 88' lang='lat' dir='ltr'>manu.</span> <span class='ocrx_word' id='word_1_135' title='bbox 796 1574 969 1661; x_wconf 89' lang='lat' dir='ltr'>plerosque</span> <span class='ocrx_word' id='word_1_136' title='bbox 985 1574 1133 1660; x_wconf 91' lang='lat' dir='ltr'>palantes</span> <span class='ocrx_word' id='word_1_137' title='bbox 1159 1598 1264 1661; x_wconf 81' lang='lat' dir='ltr'>eques</span> 
     </span>
     <span class='ocr_line' id='line_1_18' title="bbox 138 1659 1263 1747; baseline -0.001 -22"><span class='ocrx_word' id='word_1_138' title='bbox 138 1663 358 1744; x_wconf 87' lang='lat' dir='ltr'>circumvenit,</span> <span class='ocrx_word' id='word_1_139' title='bbox 387 1685 447 1726; x_wconf 92' lang='lat' dir='ltr'>nec</span> <span class='ocrx_word' id='word_1_140' title='bbox 470 1664 655 1726; x_wconf 90' lang='lat' dir='ltr'>advenienti</span> <span class='ocrx_word' id='word_1_141' title='bbox 676 1663 824 1747; x_wconf 85' lang='lat' dir='ltr'>peditum</span> <span class='ocrx_word' id='word_1_142' title='bbox 851 1663 971 1744; x_wconf 83' lang='lat' dir='ltr'>agmini</span> <span class='ocrx_word' id='word_1_143' title='bbox 993 1663 1113 1724; x_wconf 87' lang='lat' dir='ltr'>restitit</span> <span class='ocrx_word' id='word_1_144' title='bbox 1137 1659 1263 1724; x_wconf 89' lang='lat' dir='ltr'>Sabina</span> 
     </span>
     <span class='ocr_line' id='line_1_19' title="bbox 137 1747 1262 1832; baseline -0.002 -20"><span class='ocrx_word' id='word_1_145' title='bbox 137 1748 235 1832; x_wconf 73' lang='lat' dir='ltr'>legio,</span> <span class='ocrx_word' id='word_1_146' title='bbox 264 1749 341 1812; x_wconf 89' lang='lat' dir='ltr'>fessi</span> <span class='ocrx_word' id='word_1_147' title='bbox 369 1770 442 1811; x_wconf 91' lang='lat' dir='ltr'>curn</span> <span class='ocrx_word' id='word_1_148' title='bbox 470 1749 584 1811; x_wconf 90' lang='lat' dir='ltr'>itinere</span> <span class='ocrx_word' id='word_1_149' title='bbox 611 1760 678 1811; x_wconf 92' lang='lat' dir='ltr'>tum</span> <span class='ocrx_word' id='word_1_150' title='bbox 706 1747 916 1832; x_wconf 87' lang='lat' dir='ltr'>populatione</span> <span class='ocrx_word' id='word_1_151' title='bbox 943 1758 1109 1827; x_wconf 87' lang='lat' dir='ltr'>nocturna,</span> <span class='ocrx_word' id='word_1_152' title='bbox 1140 1760 1262 1827; x_wconf 76' lang='lat' dir='ltr'>magna</span> 
     </span>
     <span class='ocr_line' id='line_1_20' title="bbox 139 1832 1263 1919; baseline -0.003 -22"><span class='ocrx_word' id='word_1_153' title='bbox 139 1858 212 1919; x_wconf 87' lang='lat' dir='ltr'>pars</span> <span class='ocrx_word' id='word_1_154' title='bbox 244 1836 274 1896; x_wconf 91' lang='lat' dir='ltr'>in</span> <span class='ocrx_word' id='word_1_155' title='bbox 305 1833 390 1898; x_wconf 88' lang='lat' dir='ltr'>villis</span> <span class='ocrx_word' id='word_1_156' title='bbox 423 1833 538 1916; x_wconf 90' lang='lat' dir='ltr'>repleti</span> <span class='ocrx_word' id='word_1_157' title='bbox 570 1833 642 1897; x_wconf 92' lang='lat' dir='ltr'>cibo</span> <span class='ocrx_word' id='word_1_158' title='bbox 669 1834 820 1917; x_wconf 87' lang='lat' dir='ltr'>vinoque,</span> <span class='ocrx_word' id='word_1_159' title='bbox 852 1834 909 1897; x_wconf 90' lang='lat' dir='ltr'>vix</span> <span class='ocrx_word' id='word_1_160' title='bbox 935 1833 1032 1916; x_wconf 84' lang='lat' dir='ltr'>fugae</span> <span class='ocrx_word' id='word_1_161' title='bbox 1065 1832 1155 1916; x_wconf 92' lang='lat' dir='ltr'>quod</span> <span class='ocrx_word' id='word_1_162' title='bbox 1184 1835 1263 1895; x_wconf 90' lang='lat' dir='ltr'>satis</span> 
     </span>
     <span class='ocr_line' id='line_1_21' title="bbox 138 1919 1100 1991; baseline -0.001 -8"><span class='ocrx_word' id='word_1_163' title='bbox 138 1932 225 1983; x_wconf 88' lang='lat' dir='ltr'>esset</span> <span class='ocrx_word' id='word_1_164' title='bbox 246 1921 363 1983; x_wconf 89' lang='lat' dir='ltr'>virium</span> <span class='ocrx_word' id='word_1_165' title='bbox 387 1919 540 1984; x_wconf 88' lang='lat' dir='ltr'>habuere.</span> <span class='ocrx_word' id='word_1_166' title='bbox 1098 1987 1100 1991; x_wconf 19' lang='grc' dir='ltr'>ι</span> 
     </span>
    </p>

    <p class='ocr_par' dir='ltr' id='par_1_8' title="bbox 97 2003 1263 2176">
     <span class='ocr_line' id='line_1_22' title="bbox 97 2003 1263 2089; baseline -0.001 -22"><span class='ocrx_word' id='word_1_167' title='bbox 97 2034 114 2079; x_wconf 79' lang='lat'><em>4</em></span> <span class='ocrx_word' id='word_1_168' title='bbox 239 2006 342 2069; x_wconf 88' lang='lat' dir='ltr'>Nocte</span> <span class='ocrx_word' id='word_1_169' title='bbox 359 2027 423 2066; x_wconf 91' lang='lat' dir='ltr'>una</span> <span class='ocrx_word' id='word_1_170' title='bbox 439 2006 547 2067; x_wconf 89' lang='lat' dir='ltr'>audito</span> <span class='ocrx_word' id='word_1_171' title='bbox 564 2003 776 2089; x_wconf 87' lang='lat' dir='ltr'>perfectoque</span> <span class='ocrx_word' id='word_1_172' title='bbox 785 2003 877 2067; x_wconf 91' lang='lat' dir='ltr'>bello</span> <span class='ocrx_word' id='word_1_173' title='bbox 890 2003 1010 2066; x_wconf 88' lang='lat' dir='ltr'>Sabino</span> <span class='ocrx_word' id='word_1_174' title='bbox 1021 2012 1153 2088; x_wconf 90' lang='lat' dir='ltr'>postero</span> <span class='ocrx_word' id='word_1_175' title='bbox 1167 2003 1220 2066; x_wconf 89' lang='lat' dir='ltr'>die</span> <span class='ocrx_word' id='word_1_176' title='bbox 1231 2005 1263 2066; x_wconf 90' lang='lat' dir='ltr'>in</span> 
     </span>
     <span class='ocr_line' id='line_1_23' title="bbox 137 2089 1263 2176; baseline 0 -23"><span class='ocrx_word' id='word_1_177' title='bbox 137 2113 254 2173; x_wconf 84' lang='lat' dir='ltr'>magna</span> <span class='ocrx_word' id='word_1_178' title='bbox 275 2093 337 2152; x_wconf 91' lang='lat' dir='ltr'>iam</span> <span class='ocrx_word' id='word_1_179' title='bbox 362 2113 419 2176; x_wconf 91' lang='lat' dir='ltr'>spe</span> <span class='ocrx_word' id='word_1_180' title='bbox 435 2091 576 2175; x_wconf 90' lang='lat' dir='ltr'>undique</span> <span class='ocrx_word' id='word_1_181' title='bbox 591 2103 703 2174; x_wconf 89' lang='lat' dir='ltr'>partae</span> <span class='ocrx_word' id='word_1_182' title='bbox 719 2091 809 2173; x_wconf 87' lang='lat' dir='ltr'>pacis</span> <span class='ocrx_word' id='word_1_183' title='bbox 831 2089 928 2171; x_wconf 79' lang='lat' dir='ltr'>legati</span> <span class='ocrx_word' id='word_1_184' title='bbox 944 2089 1089 2152; x_wconf 90' lang='lat' dir='ltr'>Aurunci</span> <span class='ocrx_word' id='word_1_185' title='bbox 1112 2098 1263 2153; x_wconf 88' lang='lat' dir='ltr'>senatum</span> 
     </span>
    </p>

    <p class='ocr_par' dir='ltr' id='par_1_9' title="bbox 97 2174 1263 2774">
     <span class='ocr_line' id='line_1_24' title="bbox 97 2174 1263 2258; baseline 0 -20"><span class='ocrx_word' id='word_1_186' title='bbox 97 2205 112 2251; x_wconf 79' lang='lat'><strong>5</strong></span> <span class='ocrx_word' id='word_1_187' title='bbox 138 2178 267 2256; x_wconf 89' lang='lat' dir='ltr'>adeunt,</span> <span class='ocrx_word' id='word_1_188' title='bbox 293 2178 327 2239; x_wconf 93' lang='lat' dir='ltr'>ni</span> <span class='ocrx_word' id='word_1_189' title='bbox 354 2176 531 2239; x_wconf 89' lang='lat' dir='ltr'>decedatur</span> <span class='ocrx_word' id='word_1_190' title='bbox 552 2176 673 2240; x_wconf 90' lang='lat' dir='ltr'>Volsco</span> <span class='ocrx_word' id='word_1_191' title='bbox 702 2196 789 2258; x_wconf 84' lang='lat' dir='ltr'>agro,</span> <span class='ocrx_word' id='word_1_192' title='bbox 818 2174 939 2238; x_wconf 88' lang='lat' dir='ltr'>bellum</span> <span class='ocrx_word' id='word_1_193' title='bbox 966 2176 1152 2238; x_wconf 88' lang='lat' dir='ltr'>indicentes.</span> <span class='ocrx_word' id='word_1_194' title='bbox 1188 2197 1263 2238; x_wconf 90' lang='lat' dir='ltr'>cum</span> 
     </span>
     <span class='ocr_line' id='line_1_25' title="bbox 137 2260 1263 2345; baseline -0.001 -21"><span class='ocrx_word' id='word_1_195' title='bbox 137 2261 250 2344; x_wconf 84' lang='lat' dir='ltr'>legatis</span> <span class='ocrx_word' id='word_1_196' title='bbox 283 2261 377 2325; x_wconf 92' lang='lat' dir='ltr'>simul</span> <span class='ocrx_word' id='word_1_197' title='bbox 404 2263 565 2325; x_wconf 90' lang='lat' dir='ltr'>exercitus</span> <span class='ocrx_word' id='word_1_198' title='bbox 596 2262 821 2325; x_wconf 86' lang='lat' dir='ltr'>Auruncorum</span> <span class='ocrx_word' id='word_1_199' title='bbox 850 2261 945 2324; x_wconf 89' lang='lat' dir='ltr'>domo</span> <span class='ocrx_word' id='word_1_200' title='bbox 978 2260 1143 2345; x_wconf 86' lang='lat' dir='ltr'>profectus</span> <span class='ocrx_word' id='word_1_201' title='bbox 1176 2277 1263 2341; x_wconf 85' lang='lat' dir='ltr'>erat;</span> 
     </span>
     <span class='ocr_line' id='line_1_26' title="bbox 138 2343 1263 2432; baseline 0 -22"><span class='ocrx_word' id='word_1_202' title='bbox 138 2350 228 2411; x_wconf 92' lang='lat' dir='ltr'>cuius</span> <span class='ocrx_word' id='word_1_203' title='bbox 254 2348 341 2412; x_wconf 88' lang='lat' dir='ltr'>fama</span> <span class='ocrx_word' id='word_1_204' title='bbox 367 2347 454 2411; x_wconf 88' lang='lat' dir='ltr'>haud</span> <span class='ocrx_word' id='word_1_205' title='bbox 482 2347 595 2432; x_wconf 90' lang='lat' dir='ltr'>procul</span> <span class='ocrx_word' id='word_1_206' title='bbox 622 2349 686 2410; x_wconf 91' lang='lat' dir='ltr'>iam</span> <span class='ocrx_word' id='word_1_207' title='bbox 713 2346 754 2410; x_wconf 96' lang='lat' dir='ltr'>ab</span> <span class='ocrx_word' id='word_1_208' title='bbox 779 2347 887 2409; x_wconf 90' lang='lat' dir='ltr'>Aricia</span> <span class='ocrx_word' id='word_1_209' title='bbox 913 2347 974 2408; x_wconf 90' lang='lat' dir='ltr'>visi</span> <span class='ocrx_word' id='word_1_210' title='bbox 1001 2357 1090 2410; x_wconf 91' lang='lat' dir='ltr'>tanto</span> <span class='ocrx_word' id='word_1_211' title='bbox 1119 2343 1263 2410; x_wconf 90' lang='lat' dir='ltr'>tumultu</span> 
     </span>
     <span class='ocr_line' id='line_1_27' title="bbox 138 2431 1262 2516; baseline -0.003 -19"><span class='ocrx_word' id='word_1_212' title='bbox 138 2436 275 2498; x_wconf 90' lang='lat' dir='ltr'>concivit</span> <span class='ocrx_word' id='word_1_213' title='bbox 289 2434 461 2515; x_wconf 89' lang='lat' dir='ltr'>Romanos,</span> <span class='ocrx_word' id='word_1_214' title='bbox 484 2444 519 2496; x_wconf 91' lang='lat' dir='ltr'>ut</span> <span class='ocrx_word' id='word_1_215' title='bbox 535 2455 594 2497; x_wconf 86' lang='lat' dir='ltr'>nec</span> <span class='ocrx_word' id='word_1_216' title='bbox 610 2431 734 2497; x_wconf 89' lang='lat' dir='ltr'>consuli</span> <span class='ocrx_word' id='word_1_217' title='bbox 758 2434 870 2496; x_wconf 89' lang='lat' dir='ltr'>ordine</span> <span class='ocrx_word' id='word_1_218' title='bbox 890 2442 999 2516; x_wconf 87' lang='lat' dir='ltr'>patres</span> <span class='ocrx_word' id='word_1_219' title='bbox 1022 2453 1083 2495; x_wconf 91' lang='lat' dir='ltr'>nec</span> <span class='ocrx_word' id='word_1_220' title='bbox 1106 2441 1262 2515; x_wconf 88' lang='lat' dir='ltr'>pacatum</span> 
     </span>
     <span class='ocr_line' id='line_1_28' title="bbox 136 2517 1261 2604; baseline -0.004 -21"><span class='ocrx_word' id='word_1_221' title='bbox 136 2542 327 2604; x_wconf 89' lang='lat' dir='ltr'>responsum</span> <span class='ocrx_word' id='word_1_222' title='bbox 350 2541 441 2582; x_wconf 89' lang='lat' dir='ltr'>arma</span> <span class='ocrx_word' id='word_1_223' title='bbox 462 2518 674 2582; x_wconf 80' lang='lat' dir='ltr'>inferentibus</span> <span class='ocrx_word' id='word_1_224' title='bbox 697 2541 786 2580; x_wconf 89' lang='lat' dir='ltr'>arma</span> <span class='ocrx_word' id='word_1_225' title='bbox 808 2519 870 2602; x_wconf 90' lang='lat' dir='ltr'>ipsi</span> <span class='ocrx_word' id='word_1_226' title='bbox 898 2520 1060 2601; x_wconf 88' lang='lat' dir='ltr'>capientes</span> <span class='ocrx_word' id='word_1_227' title='bbox 1084 2517 1162 2578; x_wconf 91' lang='lat' dir='ltr'>dare</span> <span class='ocrx_word' id='word_1_228' title='bbox 1186 2539 1261 2601; x_wconf 94' lang='lat' dir='ltr'>pos-</span> 
     </span>
     <span class='ocr_line' id='line_1_29' title="bbox 137 2602 1261 2687; baseline -0.001 -19"><span class='ocrx_word' id='word_1_229' title='bbox 137 2616 217 2668; x_wconf 89' lang='lat' dir='ltr'>sent.</span> <span class='ocrx_word' id='word_1_230' title='bbox 242 2605 385 2668; x_wconf 88' lang='lat' dir='ltr'>Ariciam</span> <span class='ocrx_word' id='word_1_231' title='bbox 408 2605 522 2667; x_wconf 88' lang='lat' dir='ltr'>infesto</span> <span class='ocrx_word' id='word_1_232' title='bbox 546 2606 673 2687; x_wconf 83' lang='lat' dir='ltr'>agmine</span> <span class='ocrx_word' id='word_1_233' title='bbox 696 2606 769 2683; x_wconf 89' lang='lat' dir='ltr'>itur,</span> <span class='ocrx_word' id='word_1_234' title='bbox 792 2624 853 2667; x_wconf 91' lang='lat' dir='ltr'>nec</span> <span class='ocrx_word' id='word_1_235' title='bbox 874 2602 987 2685; x_wconf 86' lang='lat' dir='ltr'>procul</span> <span class='ocrx_word' id='word_1_236' title='bbox 1011 2603 1085 2665; x_wconf 90' lang='lat' dir='ltr'>inde</span> <span class='ocrx_word' id='word_1_237' title='bbox 1102 2624 1177 2665; x_wconf 91' lang='lat' dir='ltr'>cum</span> <span class='ocrx_word' id='word_1_238' title='bbox 1193 2604 1261 2682; x_wconf 88' lang='lat' dir='ltr'>Au·</span> 
     </span>
     <span class='ocr_line' id='line_1_30' title="bbox 137 2687 1106 2774; baseline -0.003 -22"><span class='ocrx_word' id='word_1_239' title='bbox 137 2693 242 2753; x_wconf 85' lang='lat' dir='ltr'>runcis</span> <span class='ocrx_word' id='word_1_240' title='bbox 266 2693 356 2770; x_wconf 69' lang='lat' dir='ltr'>signa</span> <span class='ocrx_word' id='word_1_241' title='bbox 379 2689 504 2753; x_wconf 89' lang='lat' dir='ltr'>conlata</span> <span class='ocrx_word' id='word_1_242' title='bbox 528 2689 716 2774; x_wconf 91' lang='lat' dir='ltr'>proelioque</span> <span class='ocrx_word' id='word_1_243' title='bbox 738 2711 801 2752; x_wconf 92' lang='lat' dir='ltr'>uno</span> <span class='ocrx_word' id='word_1_244' title='bbox 826 2687 1024 2752; x_wconf 90' lang='lat' dir='ltr'>debellatum</span> <span class='ocrx_word' id='word_1_245' title='bbox 1048 2697 1106 2751; x_wconf 89' lang='lat' dir='ltr'>est.</span> 
     </span>
    </p>

    <p class='ocr_par' dir='ltr' id='par_1_10' title="bbox 98 2772 1262 3201">
     <span class='ocr_line' id='line_1_31' title="bbox 98 2772 1261 2858; baseline -0.002 -20"><span class='ocrx_word' id='word_1_246' title='bbox 98 2807 110 2852; x_wconf 96' lang='lat'>1</span> <span class='ocrx_word' id='word_1_247' title='bbox 237 2775 381 2838; x_wconf 82' lang='lat' dir='ltr'>XXVII.</span> <span class='ocrx_word' id='word_1_248' title='bbox 404 2776 500 2838; x_wconf 82' lang='lat' dir='ltr'>Fusis</span> <span class='ocrx_word' id='word_1_249' title='bbox 523 2775 683 2838; x_wconf 91' lang='lat' dir='ltr'>Auruncis</span> <span class='ocrx_word' id='word_1_250' title='bbox 714 2775 818 2838; x_wconf 86' lang='lat' dir='ltr'>victor</span> <span class='ocrx_word' id='word_1_251' title='bbox 848 2783 898 2838; x_wconf 91' lang='lat' dir='ltr'>tot</span> <span class='ocrx_word' id='word_1_252' title='bbox 927 2775 1012 2836; x_wconf 91' lang='lat' dir='ltr'>intra</span> <span class='ocrx_word' id='word_1_253' title='bbox 1039 2794 1161 2858; x_wconf 89' lang='lat' dir='ltr'>paucos</span> <span class='ocrx_word' id='word_1_254' title='bbox 1190 2772 1261 2836; x_wconf 89' lang='lat' dir='ltr'>dies</span> 
     </span>
     <span class='ocr_line' id='line_1_32' title="bbox 137 2859 1261 2945; baseline -0.003 -21"><span class='ocrx_word' id='word_1_255' title='bbox 137 2860 231 2924; x_wconf 91' lang='lat' dir='ltr'>bellis</span> <span class='ocrx_word' id='word_1_256' title='bbox 253 2862 415 2924; x_wconf 85' lang='lat' dir='ltr'>Romanus</span> <span class='ocrx_word' id='word_1_257' title='bbox 438 2862 594 2945; x_wconf 87' lang='lat' dir='ltr'>promissa</span> <span class='ocrx_word' id='word_1_258' title='bbox 619 2859 759 2923; x_wconf 88' lang='lat' dir='ltr'>consulis</span> <span class='ocrx_word' id='word_1_259' title='bbox 791 2860 955 2943; x_wconf 88' lang='lat' dir='ltr'>fidemque</span> <span class='ocrx_word' id='word_1_260' title='bbox 988 2869 1118 2922; x_wconf 87' lang='lat' dir='ltr'>senatus</span> <span class='ocrx_word' id='word_1_261' title='bbox 1143 2880 1261 2940; x_wconf 90' lang='lat' dir='ltr'>expec-</span> 
     </span>
     <span class='ocr_line' id='line_1_33' title="bbox 137 2943 1261 3030; baseline -0.003 -20"><span class='ocrx_word' id='word_1_262' title='bbox 137 2946 235 3023; x_wconf 85' lang='lat' dir='ltr'>tabat,</span> <span class='ocrx_word' id='word_1_263' title='bbox 260 2969 329 3008; x_wconf 89' lang='lat' dir='ltr'>cum</span> <span class='ocrx_word' id='word_1_264' title='bbox 357 2947 482 3030; x_wconf 89' lang='lat' dir='ltr'>Appius</span> <span class='ocrx_word' id='word_1_265' title='bbox 507 2956 539 3009; x_wconf 90' lang='lat' dir='ltr'>et</span> <span class='ocrx_word' id='word_1_266' title='bbox 560 2947 655 3008; x_wconf 90' lang='lat' dir='ltr'>insita</span> <span class='ocrx_word' id='word_1_267' title='bbox 677 2945 829 3029; x_wconf 91' lang='lat' dir='ltr'>superbia</span> <span class='ocrx_word' id='word_1_268' title='bbox 861 2948 966 3008; x_wconf 91' lang='lat' dir='ltr'>animo</span> <span class='ocrx_word' id='word_1_269' title='bbox 991 2954 1023 3008; x_wconf 91' lang='lat' dir='ltr'>et</span> <span class='ocrx_word' id='word_1_270' title='bbox 1046 2953 1081 3007; x_wconf 93' lang='lat' dir='ltr'>ut</span> <span class='ocrx_word' id='word_1_271' title='bbox 1104 2943 1261 3027; x_wconf 84' lang='lat' dir='ltr'>conlegas</span> 
     </span>
     <span class='ocr_line' id='line_1_34' title="bbox 136 3030 1262 3117; baseline -0.001 -23"><span class='ocrx_word' id='word_1_272' title='bbox 136 3055 251 3096; x_wconf 88' lang='lat' dir='ltr'>vanarn</span> <span class='ocrx_word' id='word_1_273' title='bbox 274 3032 396 3094; x_wconf 86' lang='lat' dir='ltr'>faceret</span> <span class='ocrx_word' id='word_1_274' title='bbox 417 3031 525 3111; x_wconf 90' lang='lat' dir='ltr'>fidem,</span> <span class='ocrx_word' id='word_1_275' title='bbox 549 3053 646 3115; x_wconf 88' lang='lat' dir='ltr'>quarn</span> <span class='ocrx_word' id='word_1_276' title='bbox 674 3033 851 3117; x_wconf 86' lang='lat' dir='ltr'>asperrima</span> <span class='ocrx_word' id='word_1_277' title='bbox 881 3040 1019 3116; x_wconf 91' lang='lat' dir='ltr'>poterat,</span> <span class='ocrx_word' id='word_1_278' title='bbox 1051 3031 1101 3092; x_wconf 88' lang='lat' dir='ltr'>ius</span> <span class='ocrx_word' id='word_1_279' title='bbox 1126 3030 1167 3093; x_wconf 97' lang='lat' dir='ltr'>de</span> <span class='ocrx_word' id='word_1_280' title='bbox 1193 3051 1262 3093; x_wconf 89' lang='lat' dir='ltr'>cre·</span> 
     </span>
     <span class='ocr_line' id='line_1_35' title="bbox 138 3115 1260 3201; baseline -0.003 -21"><span class='ocrx_word' id='word_1_281' title='bbox 138 3119 211 3181; x_wconf 88' lang='lat' dir='ltr'>ditis</span> <span class='ocrx_word' id='word_1_282' title='bbox 233 3118 377 3200; x_wconf 88' lang='lat' dir='ltr'>pecuniis</span> <span class='ocrx_word' id='word_1_283' title='bbox 401 3118 517 3180; x_wconf 87' lang='lat' dir='ltr'>dicere.</span> <span class='ocrx_word' id='word_1_284' title='bbox 562 3118 714 3201; x_wconf 87' lang='lat' dir='ltr'>deinceps</span> <span class='ocrx_word' id='word_1_285' title='bbox 746 3127 788 3190; x_wconf 84' lang='lat' dir='ltr'>et,</span> <span class='ocrx_word' id='word_1_286' title='bbox 824 3117 879 3200; x_wconf 92' lang='lat' dir='ltr'>qui</span> <span class='ocrx_word' id='word_1_287' title='bbox 911 3125 984 3179; x_wconf 92' lang='lat' dir='ltr'>ante</span> <span class='ocrx_word' id='word_1_288' title='bbox 1016 3117 1092 3179; x_wconf 87' lang='lat' dir='ltr'>nexi</span> <span class='ocrx_word' id='word_1_289' title='bbox 1120 3115 1260 3193; x_wconf 87' lang='lat' dir='ltr'>fuerant,</span> 
     </span>
    </p>

    <p class='ocr_par' dir='ltr' id='par_1_11' title="bbox 103 3200 1261 3626">
     <span class='ocr_line' id='line_1_36' title="bbox 103 3200 1261 3286; baseline -0.003 -20"><span class='ocrx_word' id='word_1_290' title='bbox 103 3203 352 3282; x_wconf 77' lang='lat' dir='ltr'>2creditoribus</span> <span class='ocrx_word' id='word_1_291' title='bbox 375 3201 588 3266; x_wconf 87' lang='lat' dir='ltr'>tradebantur</span> <span class='ocrx_word' id='word_1_292' title='bbox 611 3213 642 3266; x_wconf 93' lang='lat' dir='ltr'>et</span> <span class='ocrx_word' id='word_1_293' title='bbox 672 3203 885 3266; x_wconf 83' lang='lat' dir='ltr'>nectebantur</span> <span class='ocrx_word' id='word_1_294' title='bbox 915 3201 978 3264; x_wconf 90' lang='lat' dir='ltr'>alii.</span> <span class='ocrx_word' id='word_1_295' title='bbox 1017 3201 1104 3286; x_wconf 94' lang='lat' dir='ltr'>quod</span> <span class='ocrx_word' id='word_1_296' title='bbox 1127 3200 1184 3263; x_wconf 92' lang='lat' dir='ltr'>ubi</span> <span class='ocrx_word' id='word_1_297' title='bbox 1207 3201 1261 3264; x_wconf 89' lang='lat' dir='ltr'>cui</span> 
     </span>
     <span class='ocr_line' id='line_1_37' title="bbox 136 3285 1261 3372; baseline -0.004 -20"><span class='ocrx_word' id='word_1_298' title='bbox 136 3288 228 3352; x_wconf 87' lang='lat' dir='ltr'>militi</span> <span class='ocrx_word' id='word_1_299' title='bbox 250 3290 417 3362; x_wconf 90' lang='lat' dir='ltr'>inciderat,</span> <span class='ocrx_word' id='word_1_300' title='bbox 454 3288 620 3371; x_wconf 83' lang='lat' dir='ltr'>conlegam</span> <span class='ocrx_word' id='word_1_301' title='bbox 653 3287 849 3372; x_wconf 86' lang='lat' dir='ltr'>appellabat.</span> <span class='ocrx_word' id='word_1_302' title='bbox 888 3309 1063 3350; x_wconf 87' lang='lat' dir='ltr'>concursus</span> <span class='ocrx_word' id='word_1_303' title='bbox 1087 3286 1128 3348; x_wconf 91' lang='lat' dir='ltr'>ad</span> <span class='ocrx_word' id='word_1_304' title='bbox 1153 3285 1261 3350; x_wconf 80' lang='lat' dir='ltr'>Servi-</span> 
     </span>
     <span class='ocr_line' id='line_1_38' title="bbox 135 3371 1261 3457; baseline -0.001 -21"><span class='ocrx_word' id='word_1_305' title='bbox 135 3373 211 3436; x_wconf 91' lang='lat' dir='ltr'>lium</span> <span class='ocrx_word' id='word_1_306' title='bbox 235 3374 350 3451; x_wconf 82' lang='lat' dir='ltr'>fiebat3</span> <span class='ocrx_word' id='word_1_307' title='bbox 374 3373 458 3436; x_wconf 93' lang='lat' dir='ltr'>illius</span> <span class='ocrx_word' id='word_1_308' title='bbox 481 3376 639 3457; x_wconf 90' lang='lat' dir='ltr'>promissa</span> <span class='ocrx_word' id='word_1_309' title='bbox 661 3373 837 3444; x_wconf 77' lang='lat' dir='ltr'>iactabant3</span> <span class='ocrx_word' id='word_1_310' title='bbox 865 3372 911 3435; x_wconf 95' lang='lat' dir='ltr'>illi</span> <span class='ocrx_word' id='word_1_311' title='bbox 935 3371 1178 3457; x_wconf 87' lang='lat' dir='ltr'>exprobrabant</span> <span class='ocrx_word' id='word_1_312' title='bbox 1201 3394 1261 3435; x_wconf 90' lang='lat' dir='ltr'>sua</span> 
     </span>
     <span class='ocr_line' id='line_1_39' title="bbox 136 3457 1261 3545; baseline -0.001 -22"><span class='ocrx_word' id='word_1_313' title='bbox 136 3461 273 3545; x_wconf 91' lang='lat' dir='ltr'>quisque</span> <span class='ocrx_word' id='word_1_314' title='bbox 297 3459 373 3521; x_wconf 88' lang='lat' dir='ltr'>belli</span> <span class='ocrx_word' id='word_1_315' title='bbox 396 3461 511 3522; x_wconf 91' lang='lat' dir='ltr'>merita</span> <span class='ocrx_word' id='word_1_316' title='bbox 535 3460 765 3544; x_wconf 86' lang='lat' dir='ltr'>cicatricesque</span> <span class='ocrx_word' id='word_1_317' title='bbox 789 3468 946 3541; x_wconf 87' lang='lat' dir='ltr'>acceptas.</span> <span class='ocrx_word' id='word_1_318' title='bbox 980 3457 1201 3543; x_wconf 88' lang='lat' dir='ltr'>postulabant,</span> <span class='ocrx_word' id='word_1_319' title='bbox 1225 3466 1261 3522; x_wconf 89' lang='lat' dir='ltr'>ut</span> 
     </span>
     <span class='ocr_line' id='line_1_40' title="bbox 136 3542 1259 3626; baseline -0.002 -19"><span class='ocrx_word' id='word_1_320' title='bbox 136 3556 192 3607; x_wconf 91' lang='lat' dir='ltr'>aut</span> <span class='ocrx_word' id='word_1_321' title='bbox 214 3544 350 3608; x_wconf 84' lang='lat' dir='ltr'>referret</span> <span class='ocrx_word' id='word_1_322' title='bbox 373 3545 413 3606; x_wconf 93' lang='lat' dir='ltr'>ad</span> <span class='ocrx_word' id='word_1_323' title='bbox 441 3555 597 3626; x_wconf 86' lang='lat' dir='ltr'>senatum,</span> <span class='ocrx_word' id='word_1_324' title='bbox 622 3557 677 3607; x_wconf 90' lang='lat' dir='ltr'>aut</span> <span class='ocrx_word' id='word_1_325' title='bbox 700 3558 736 3606; x_wconf 89' lang='lat' dir='ltr'>ut</span> <span class='ocrx_word' id='word_1_326' title='bbox 758 3543 878 3606; x_wconf 89' lang='lat' dir='ltr'>auxilio</span> <span class='ocrx_word' id='word_1_327' title='bbox 903 3556 989 3606; x_wconf 90' lang='lat' dir='ltr'>esset</span> <span class='ocrx_word' id='word_1_328' title='bbox 1004 3542 1115 3606; x_wconf 91' lang='lat' dir='ltr'>consul</span> <span class='ocrx_word' id='word_1_329' title='bbox 1132 3542 1259 3607; x_wconf 88' lang='lat' dir='ltr'>civibus</span> 
     </span>
    </p>

    <p class='ocr_par' dir='ltr' id='par_1_12' title="bbox 95 3627 1260 3886">
     <span class='ocr_line' id='line_1_41' title="bbox 95 3627 1260 3715; baseline -0.003 -21"><span class='ocrx_word' id='word_1_330' title='bbox 95 3632 212 3712; x_wconf 69' lang='lat' dir='ltr'>gsuis,</span> <span class='ocrx_word' id='word_1_331' title='bbox 252 3632 429 3715; x_wconf 89' lang='lat' dir='ltr'>imperator</span> <span class='ocrx_word' id='word_1_332' title='bbox 459 3629 623 3693; x_wconf 83' lang='lat' dir='ltr'>militibus.</span> <span class='ocrx_word' id='word_1_333' title='bbox 661 3630 836 3693; x_wconf 89' lang='lat' dir='ltr'>movebant</span> <span class='ocrx_word' id='word_1_334' title='bbox 867 3628 1031 3692; x_wconf 88' lang='lat' dir='ltr'>consulem</span> <span class='ocrx_word' id='word_1_335' title='bbox 1069 3627 1161 3707; x_wconf 89' lang='lat' dir='ltr'>haec,</span> <span class='ocrx_word' id='word_1_336' title='bbox 1201 3627 1260 3691; x_wconf 88' lang='lat' dir='ltr'>sed</span> 
     </span>
     <span class='ocr_line' id='line_1_42' title="bbox 136 3714 1260 3800; baseline -0.003 -21"><span class='ocrx_word' id='word_1_337' title='bbox 136 3718 342 3800; x_wconf 84' lang='lat' dir='ltr'>tergiversari</span> <span class='ocrx_word' id='word_1_338' title='bbox 365 3739 418 3780; x_wconf 90' lang='lat' dir='ltr'>res</span> <span class='ocrx_word' id='word_1_339' title='bbox 442 3716 595 3800; x_wconf 84' lang='lat' dir='ltr'>cogebat:</span> <span class='ocrx_word' id='word_1_340' title='bbox 622 3716 705 3779; x_wconf 89' lang='lat' dir='ltr'>adeo</span> <span class='ocrx_word' id='word_1_341' title='bbox 730 3716 761 3776; x_wconf 92' lang='lat' dir='ltr'>in</span> <span class='ocrx_word' id='word_1_342' title='bbox 785 3714 916 3777; x_wconf 89' lang='lat' dir='ltr'>alteram</span> <span class='ocrx_word' id='word_1_343' title='bbox 943 3736 1073 3777; x_wconf 88' lang='lat' dir='ltr'>causam</span> <span class='ocrx_word' id='word_1_344' title='bbox 1096 3735 1161 3777; x_wconf 89' lang='lat' dir='ltr'>non</span> <span class='ocrx_word' id='word_1_345' title='bbox 1184 3733 1260 3778; x_wconf 87' lang='lat' dir='ltr'>con·</span> 
     </span>
     <span class='ocr_line' id='line_1_43' title="bbox 135 3798 1260 3886; baseline -0.002 -22"><span class='ocrx_word' id='word_1_346' title='bbox 135 3800 209 3884; x_wconf 83' lang='lat' dir='ltr'>lega</span> <span class='ocrx_word' id='word_1_347' title='bbox 240 3802 343 3865; x_wconf 90' lang='lat' dir='ltr'>solum</span> <span class='ocrx_word' id='word_1_348' title='bbox 376 3824 532 3886; x_wconf 91' lang='lat' dir='ltr'>praeceps</span> <span class='ocrx_word' id='word_1_349' title='bbox 564 3812 642 3880; x_wconf 84' lang='lat' dir='ltr'>erat,</span> <span class='ocrx_word' id='word_1_350' title='bbox 677 3801 733 3863; x_wconf 89' lang='lat' dir='ltr'>sed</span> <span class='ocrx_word' id='word_1_351' title='bbox 768 3801 870 3863; x_wconf 92' lang='lat' dir='ltr'>omnis</span> <span class='ocrx_word' id='word_1_352' title='bbox 892 3799 988 3863; x_wconf 85' lang='lat' dir='ltr'>factio</span> <span class='ocrx_word' id='word_1_353' title='bbox 1010 3798 1177 3863; x_wconf 83' lang='lat' dir='ltr'>nobilium.</span> <span class='ocrx_word' id='word_1_354' title='bbox 1213 3799 1260 3863; x_wconf 71' lang='lat' dir='ltr'>ita</span> 
     </span>
    </p>
   </div>
   <div class='ocr_carea' id='block_1_3' title="bbox 0 0 1374 4146">
    <p class='ocr_par' dir='ltr' id='par_1_13' title="bbox 0 0 1374 4146">
     <span class='ocr_line' id='line_1_44' title="bbox 0 0 1374 4146; baseline 0 1"><span class='ocrx_word' id='word_1_355' title='bbox 0 0 1374 4146; x_wconf 95' lang='lat' dir='ltr'> </span> 
     </span>
    </p>
   </div>
  </div>
 </body>
</html>
