2738 4146
388 144 497 194 arnan
514 144 584 194 xxr.
606 144 680 194 car.
698 146 740 195 ao,
759 146 800 193 m.
819 142 855 212 [a.
873 144 906 195 n.
926 161 947 194 ο.
966 142 1036 211 saer.
1235 132 1296 189 123

121 315 265 393 cognita:
280 325 536 400 praeoccupatos
544 317 606 378 iam
620 326 691 377 ante
703 315 743 377 ab
757 313 938 378 Hannibale
950 313 1117 379 Gallorum
1127 319 1249 380 animos

120 418 207 478 esse3
244 400 302 463 sed
325 421 367 461 ne
396 397 443 462 illi
466 400 596 484 quidem
626 403 687 485 ipsi
718 403 793 464 satis
817 403 926 464 mitem
957 410 1085 482 gentem
1116 401 1186 465 fore
1208 437 1248 446 —

120 485 203 549 adeo
219 484 342 547 ferocia
357 493 453 569 atque
474 486 630 549 indomita
650 488 778 567 ingenia
800 507 871 549 esse
888 520 939 568 —,
953 488 986 548 ni
1002 485 1138 549 subinde
1161 509 1249 566 auro,

120 573 213 634 cuius
237 569 424 633 avidissima
445 591 524 650 gens
547 580 602 641 est,
626 573 807 657 principum
831 572 926 633 animi
949 569 1184 635 concilientura
1206 575 1248 634 ita
1270 589 1286 636 9

119 656 302 802 peragratis
319 653 494 739 Hispaniae
505 653 693 740 Galliaeque
709 654 836 742 populis
854 656 949 738 legati
964 655 1098 719 Romam
1114 656 1251 721 redeunt

144 740 210 804 aud
242 741 288 804 ita
309 739 409 804 multo
431 749 506 826 post
538 763 634 825 quam
664 741 812 805 consules
845 744 877 804 in
908 743 1091 827 provincias
1114 742 1248 827 profecti

120 833 223 890 erant.
248 827 409 889 civitatem
426 847 552 890 omnem
568 848 610 889 ex
635 829 791 890 conatione
814 824 890 889 belli
906 835 1046 890 erectam
1060 828 1252 890 invenerunt

120 914 199 976 satis
223 919 389 975 constante
411 910 496 975 fama
517 913 580 975 iam
602 850 763 976 Hiberum
785 910 909 976 Poenos
933 914 1094 975 transisse.

226 994 320 1057 XXI.
343 995 506 1060 Hannibal
528 995 670 1077 Sagunto
697 1008 790 1082 capto
815 996 1041 1078 Carthaginem
1071 1019 1188 1062 novam
1218 999 1249 1060 in
1269 1009 1284 1058 1

121 1080 263 1146 hiberna
293 1090 498 1145 concesserat
532 1081 641 1167 ibique
672 1083 797 1158 auditis,
836 1104 918 1166 quae
950 1083 1071 1146 Romae
1103 1104 1250 1167 quaeque

121 1165 320 1245 Carthagine
343 1175 415 1230 acta
437 1167 568 1231 decreta
590 1190 630 1231 ue
652 1167 766 1246 foreat,
791 1189 889 1252 seque
912 1189 977 1232 non
1001 1168 1117 1231 ducem
1145 1166 1248 1232 solum

122 1251 181 1316 sed
207 1254 304 1315 etiam
327 1274 459 1316 causam
481 1273 554 1317 esse
569 1190 662 1333 belli,
693 1255 816 1339 partitis
849 1252 1083 1338 divenditisque
1106 1252 1284 1338 reliquias

118 1337 265 1423 praedae
286 1336 365 1400 nihil
387 1336 473 1402 ultra
495 1337 707 1402 differendum
722 1347 810 1402 ratus
835 1337 970 1424 Hispani
984 1339 1113 1421 generis
1134 1338 1250 1402 milites

120 1431 291 1487 convocat.
326 1423 444 1505 „credo
468 1445 528 1505 ego
559 1423 636 1487 vos“
660 1425 771 1509 inquit,
807 1426 914 1506 „socii
947 1432 979 1487 et
1000 1425 1086 1510 ipsos
1118 1439 1284 1488 cerneres

118 1511 246 1596 pacatis
269 1507 417 1572 omnibus
437 1507 612 1595 Hispaniae
634 1507 761 1594 populis
784 1518 839 1572 aut
859 1508 1034 1573 finiendam
1055 1507 1148 1573 nobis
1171 1507 1250 1572 mili·

119 1597 199 1659 tiam
223 1595 449 1678 exercitusque
472 1594 677 1658 dimittendos
701 1615 772 1658 esse
795 1597 903 1658 autin
925 1594 1004 1658 alias
1025 1603 1127 1658 terras
1149 1603 1250 1658 trans-

119 1678 294 1743 ferendum
315 1677 452 1742 bellum:
475 1681 521 1743 ita
542 1682 625 1743 enim
642 1679 703 1743 hae
725 1690 838 1761 gentes
854 1702 918 1743 non
939 1682 1028 1765 pacis
1052 1679 1165 1762 solum,
1190 1679 1249 1742 sed
1269 1696 1287 1744 4

121 1766 219 1828 etiam
242 1765 397 1829 victoriae
411 1763 505 1829 bonis
527 1763 696 1847 florebunt,
720 1767 746 1829 si
770 1787 811 1827 ex
834 1763 902 1829 aliis
925 1763 1072 1846 gentibus
1094 1763 1249 1850 praedam

121 1858 155 1913 et
176 1848 316 1932 gloriam
338 1870 539 1934 quaeremus.
571 1853 678 1935 itaque
701 1873 775 1914 cum
797 1848 971 1935 longinqua
993 1872 1012 1913 a
1035 1849 1131 1914 domo
1153 1852 1250 1913 instet
1268 1872 1284 1919 5

120 1934 234 1999 militia
254 1936 477 2020 incertumque
493 1937 541 2016 sit,
565 1936 692 2019 quando
716 1935 829 1998 domos
844 1946 967 1999 vestras
985 1945 1016 1998 et
1031 1957 1113 2020 quae
1136 1937 1250 2019 carique

120 2020 168 2084 ibi
191 2041 269 2084 cara
291 2028 365 2083 sunt
385 2022 485 2084 visuri
508 2023 584 2093 sitis,
608 2023 635 2084 si
658 2023 728 2106 quis
743 2030 886 2085 vestrum
909 2043 984 2084 suos
1007 2023 1148 2084 invisere
1170 2018 1247 2098 vult,

121 2113 341 2170 commeatum
364 2105 414 2169 do.
437 2107 542 2191 primo
557 2128 635 2169 vere
658 2106 750 2170 edico
767 2106 887 2176 adsitis,
911 2116 947 2171 ut
963 2107 1011 2170 dis
1035 2105 1117 2170 bene
1138 2109 1248 2169 iuvan-
1271 2130 1287 2177 a

120 2190 208 2255 tibus
223 2187 347 2254 bellum
360 2191 497 2272 ingentis
513 2188 636 2273 gloriae
651 2191 857 2277 praedaeque
872 2191 1015 2256 futurum
1028 2191 1247 2277 incipiamus.“

121 2275 273 2341 omnibus
295 2274 364 2337 fere
386 2276 512 2339 visendi
536 2276 647 2340 domos
671 2275 779 2340 oblata
800 2274 883 2340 ultro
903 2286 1045 2363 potestas
1067 2286 1160 2358 grata
1182 2285 1283 2349 erata

120 2370 154 2425 et
174 2363 241 2425 iam
273 2359 531 2425 desiderantibus
554 2384 628 2426 suos
652 2370 684 2424 et
705 2361 831 2443 longius
859 2364 891 2424 in
914 2361 1056 2425 futurum
1077 2360 1249 2446 providen-

120 2445 209 2511 tibus
226 2444 431 2510 desiderium.
455 2468 514 2532 per
528 2455 630 2510 totum
644 2456 771 2532 tempus
787 2444 898 2510 hiemis
915 2449 1005 2531 quies
1024 2449 1107 2508 inter
1120 2444 1248 2510 labores
1269 2473 1284 2520 8

121 2533 265 2596 entiam
289 2529 463 2594 exhaustos
486 2540 542 2595 aut
563 2553 640 2596 mox
663 2531 897 2596 exhauriendos
924 2534 1092 2594 renovavit
1113 2553 1250 2616 corpora

122 2619 315 2701 animosque
336 2614 378 2677 ad
405 2617 511 2680 omnia
542 2617 583 2679 de
615 2619 739 2700 integro
770 2618 931 2702 patienda.
963 2638 1041 2679 vere
1071 2618 1175 2702 primo
1207 2616 1249 2680 ad

122 2701 266 2766 edictum
288 2721 481 2764 convenere.

226 2783 400 2864 Hannibal,
434 2808 508 2850 cum
538 2788 753 2850 recensuisset
784 2789 924 2851 omnium
946 2789 1089 2864 gentium
1120 2786 1283 2868 auxiliaa

124 2869 237 2934 Gades
259 2869 422 2955 profectus
444 2869 580 2936 Herculi
610 2880 687 2936 vota
714 2871 853 2936 exsolvit
882 2875 1038 2957 novisque
1070 2894 1104 2936 se
1128 2873 1249 2954 obligat

123 2957 218 3034 votis,
235 2957 263 3019 si
286 2964 394 3020 cetera
406 2978 565 3042 prospera
580 2958 770 3020 evenissent.
794 2958 869 3021 inde
884 2961 1024 3044 partiens
1038 2980 1131 3022 curas
1155 2957 1248 3023 simul
1267 2974 1299 3021 1ο

119 3042 154 3105 in
175 3038 379 3105 inferendum
395 3051 490 3126 atque
506 3043 681 3106 arcendum
697 3041 828 3120 bellum,
852 3065 901 3123 ne,
927 3043 1004 3106 dum
1018 3045 1087 3129 ipse
1104 3047 1247 3106 terrestri

119 3147 181 3213 per
202 3125 393 3212 Hispaniam
409 3123 595 3212 Galliasque
610 3129 723 3191 itinere
738 3126 863 3191 Italiam
890 3137 1024 3214 peteret,
1047 3129 1135 3191 nuda
1156 3150 1246 3214 aper-

118 3221 219 3297 taque
233 3208 385 3275 Romanis
401 3211 512 3276 Africa
527 3213 566 3276 ab
584 3210 692 3276 Sicilia
708 3223 801 3295 esset,
819 3213 925 3278 valido
940 3214 1101 3299 praesidio
1117 3213 1246 3277 firmare

119 3317 193 3360 eam
215 3297 333 3361 statuit·
365 3318 425 3382 pro
450 3319 488 3360 eo
511 3296 772 3384 supplementum
804 3302 872 3385 ipse
906 3322 948 3363 ex
969 3299 1082 3362 Africa
1103 3302 1244 3363 maxime
1264 3314 1295 3361 11

117 3379 340 3461 iaculatorum,
357 3379 475 3445 levium
492 3385 597 3463 armis,
620 3386 719 3470 petiit,
743 3393 778 3447 ut
793 3384 864 3448 Al'ri
879 3387 911 3448 in
927 3385 1092 3470 Hispania,
1111 3385 1244 3470 Hispani

117 3469 151 3530 in
167 3465 289 3546 Africa,
312 3464 425 3531 melior
440 3465 552 3553 procul
570 3467 610 3532 ab
628 3469 723 3532 domo
739 3469 863 3534 futurus
879 3480 1014 3555 uterque
1030 3468 1131 3549 miles,
1154 3467 1244 3532 velut

117 3553 238 3616 mutuis
259 3550 448 3637 pignoribus
471 3551 612 3634 obligati,
636 3555 796 3638 stipendia
810 3556 962 3619 facerent.
986 3556 1141 3620 tredecim
1157 3554 1244 3619 milia
1265 3573 1297 3621 12

118 3639 320 3720 octingentos
344 3638 573 3783 quinquaginta
601 3640 726 3724 pedites
749 3651 906 3705 caetratos
930 3643 1015 3704 misit
1046 3642 1077 3703 in
1100 3640 1244 3705 Africam

116 3731 150 3787 et
170 3721 352 3787 funditores
375 3721 424 3785 Ba
436 3725 520 3787 iares
537 3726 736 3807 octingentos
753 3729 964 3812 septuaginta,
989 3729 1111 3811 equites
1128 3729 1244 3791 mixtos

114 3828 160 3872 ex
181 3805 291 3873 multis
314 3808 462 3890 gentibus
477 3806 563 3872 mille
587 3810 750 3874 ducentos.
775 3810 832 3875 has
856 3814 964 3897 copias
979 3814 1095 3896 partim
1112 3809 1244 3875 Cartha·
1265 3832 1297 3878 13
