2738 4146
20 3852 26 3897 ,
64 3863 66 3868 .

120 144 160 202 58
400 161 509 209 sinna
526 162 560 210 11.
580 160 655 212 cle.
675 163 698 210 s.
718 163 741 209 c.
761 159 793 226 [a.
811 159 844 210 u.
864 176 885 209 ο,
904 157 973 226 aa.

170 326 299 393 lictores
328 330 369 392 ad
400 331 590 393 sumendum
613 329 814 414 supplicium.
846 329 986 392 nudatos
1016 327 1115 410 virgis
1149 327 1294 390 caedunt

170 417 339 499 securique
364 414 492 494 feriunt,
521 436 594 478 cum
617 418 700 478 inter
727 437 821 478 omne
843 424 971 499 tempus
997 423 1091 497 pater
1112 410 1293 495 vultusque

170 507 203 561 et
225 521 260 561 os
283 502 351 562 eius
374 500 558 584 spectaculo
582 510 668 563 esset
684 502 843 563 eminente
865 502 970 562 animo
993 498 1099 582 patrio
1121 497 1205 560 inter
1228 518 1290 581 pu-

129 602 145 650 a
170 581 272 646 blicae
294 605 418 668 poenae
434 586 653 648 ministerium.
677 584 854 648 secundum
877 605 1014 667 poenam
1036 583 1229 660 nocentium,
1252 591 1293 646 ut

169 669 201 730 in
229 679 398 752 utramque
425 679 550 754 partem
585 670 731 733 arcendis
759 668 933 733 sceleribus
964 666 1151 751 exemplum
1177 665 1291 732 nobile

170 762 264 831 esset,
288 755 466 835 praemium
486 755 583 817 indici
598 757 736 840 pecunia
759 777 800 816 ex
813 755 946 834 aerario,
968 751 1100 816 libertas
1117 763 1150 816 et
1171 753 1289 816 civitas

86 868 88 873 ·
128 838 254 907 10data.
277 837 331 901 ille
353 841 492 923 primum
516 840 631 902 dicitur
653 840 796 903 vindicta
817 838 983 902 liberatus.
1007 837 1140 924 quidam
1160 836 1288 901 vindic-

169 932 221 986 tae
254 945 383 1008 quoque
410 945 529 987 nomen
558 934 698 988 tractum
725 923 766 987 ab
796 922 850 987 illo
883 933 1012 1009 putant3
1044 921 1192 986 Vindicio
1224 923 1289 1007 ipsi

168 1030 285 1071 nomen
313 1010 422 1072 fuisse.
454 1018 528 1092 post
558 1008 648 1073 illum
675 1009 890 1086 observatum,
921 1017 966 1089 ut,
998 1009 1054 1093 qui
1080 1009 1125 1070 ita
1156 1006 1288 1072 liberati

169 1103 287 1164 essent,
312 1095 343 1155 in
366 1096 529 1157 civitatem
550 1096 674 1179 accepti
696 1095 893 1158 viderentur.

132 1200 147 1250 1
269 1177 325 1240 VI.
349 1178 419 1256 His,
443 1180 525 1242 sicut
545 1190 618 1242 acta
633 1190 733 1259 erant,
757 1180 908 1242 nuntiatis
923 1180 1072 1242 incensus
1087 1177 1286 1262 Tarquinius

167 1284 231 1325 non
255 1262 367 1327 dolore
383 1263 486 1327 solum
509 1273 618 1327 tantae
642 1265 682 1327 ad
699 1265 831 1327 inritum
847 1264 991 1327 cadentis
1008 1264 1086 1346 spei,
1111 1263 1169 1326 sed
1187 1264 1286 1328 etiarn

167 1348 241 1411 odio
264 1349 387 1434 iraque,
410 1345 582 1433 postquam
614 1348 688 1413 dolo
722 1351 807 1412 viam
830 1349 1020 1433 obsaeptam
1042 1348 1132 1429 vidit,
1161 1345 1286 1412 bellum

166 1443 279 1517 aperte
309 1432 506 1497 moliendum
535 1443 623 1497 ratus
647 1436 814 1498 circumire
837 1431 976 1518 supplex
997 1433 1148 1496 Etruriae
1170 1433 1287 1515 urbes;

126 1543 141 1589 ρ
167 1540 260 1582 orare
287 1520 426 1582 maxime
451 1518 604 1582 Veientes
626 1518 952 1604 Tarquiniensesque,
984 1540 1025 1580 ne
1054 1539 1088 1580 se
1111 1527 1219 1582 ortum
1244 1541 1287 1582 ex

80 1641 84 1647 -
166 1604 254 1688 ipsis,
278 1604 421 1667 eiusdem
445 1605 617 1686 sanguinis,
646 1616 809 1668 extorrem
837 1615 986 1686 egentem
1009 1625 1051 1666 ex
1073 1614 1161 1666 tanto
1184 1604 1285 1667 modo

165 1709 264 1768 regno
299 1711 372 1752 cum
401 1688 511 1752 liberis
543 1688 804 1753 adulescentibus
836 1701 910 1752 ante
934 1687 1045 1752 oculos
1077 1709 1152 1750 suos
1174 1691 1283 1773 perire

165 1775 312 1837 sinerent.
337 1772 416 1837 alios
431 1796 569 1857 peregre
592 1776 625 1837 in
646 1797 782 1857 regnum
796 1775 931 1837 Romam
955 1775 1085 1849 accitos,
1110 1794 1145 1836 se
1160 1794 1284 1856 regem,
1352 1827 1353 1830 ,

164 1867 338 1941 augentem
364 1858 451 1922 bello
479 1858 660 1922 Romanum
687 1861 859 1944 imperium
890 1881 910 1921 a
938 1859 1096 1942 proximis
1124 1857 1284 1921 scelerata

123 1957 139 2003 a
165 1944 382 2006 coniuratione
414 1942 552 2028 pulsum.
586 1965 641 2007 eos
671 1945 755 2008 inter
782 1966 827 2021 se,
862 1945 938 2028 quia
964 1964 1059 2006 nemo
1091 1965 1173 2006 unus
1206 1945 1284 2006 satis

164 2028 278 2109 dignus
300 2050 400 2110 regno
414 2030 503 2092 visus
526 2030 576 2109 sit,
600 2039 708 2114 partes
729 2030 821 2112 regni
843 2031 1004 2113 rapuisse3
1028 2028 1112 2091 bona
1128 2050 1186 2091 sua
1210 2029 1283 2091 diri·

162 2113 281 2197 pienda
295 2112 416 2198 populo
433 2112 571 2194 dedisse,
595 2137 634 2175 ne
651 2116 721 2196 quis
745 2137 863 2198 expers
879 2112 1009 2177 sceleris
1026 2123 1120 2176 esset.
1144 2115 1283 2197 petriam

164 2220 198 2261 se
212 2219 411 2282 regnumque
427 2221 520 2261 suum
535 2209 684 2282 repetere
700 2209 732 2263 et
745 2201 898 2284 persequi
920 2200 1063 2282 ingratos
1080 2201 1167 2263 cives
1183 2197 1281 2263 velle.

161 2283 283 2345 ferrent
298 2304 403 2367 opem,
421 2284 625 2360 adiuvarent3
650 2305 724 2348 suas
740 2306 870 2369 quoque
885 2294 1014 2348 veteres
1030 2284 1161 2346 iniurias
1177 2282 1283 2348 ultum

126 2369 255 2446 licent,
286 2369 399 2431 totiens
423 2389 532 2431 caesas
559 2367 711 2451 legiones,
745 2392 858 2452 agrum
882 2370 1077 2452 ademptum.
1107 2369 1187 2432 haec
1214 2390 1281 2432 mo·

161 2462 278 2517 verunt
304 2453 467 2533 Veientes,
501 2475 538 2516 ac
566 2476 626 2539 pro
655 2476 689 2516 se
713 2456 851 2538 quisque
880 2454 1024 2516 Romano
1053 2452 1167 2517 saltem
1197 2454 1280 2517 duce

161 2539 349 2620 ignominias
378 2538 553 2601 demendas
585 2537 736 2622 belloque
760 2541 877 2602 amissa
907 2538 1085 2622 repetenda
1112 2540 1282 2603 minaciter

161 2622 309 2687 fremunt.
332 2623 580 2706 Tarquinienses
596 2646 712 2696 nomen
735 2645 773 2688 ac
796 2624 945 2706 cognatio
961 2633 1086 2704 movet,
1108 2623 1282 2708 pulchrum

122 2724 137 2772 5
160 2708 332 2770 videbatur
355 2730 429 2770 suos
453 2706 575 2770 Romae
602 2730 747 2790 regnare.
777 2710 822 2772 ita
845 2710 909 2773 duc
943 2709 1078 2771 duarum
1105 2710 1282 2773 civitatium

161 2794 321 2854 exercitus
352 2791 394 2854 ad
429 2792 641 2874 repetendum
678 2815 812 2875 regnum
852 2792 1003 2877 belloque
1036 2794 1280 2878 persequendos

121 2897 136 2943 6
160 2877 321 2939 Romanos
344 2878 447 2940 secuti
468 2877 686 2960 Tarquinium.
715 2890 887 2963 postquam
908 2880 941 2941 in
964 2900 1077 2962 agrum
1099 2879 1280 2942 Romanum

159 2973 293 3025 ventum
317 2971 374 3039 est,
399 2960 527 3025 obviam
550 2961 636 3025 hosti
658 2963 807 3026 consules
832 2977 922 3027 eunt:
945 2963 1096 3026 Valerius
1120 2964 1278 3048 quadrato

161 3049 287 3130 agmine
309 3047 452 3128 peditem
481 3047 581 3128 ducit3
611 3048 730 3111 Brutus
759 3049 799 3111 ad
828 3048 1066 3133 explorandum
1095 3071 1168 3112 cum
1191 3051 1281 3134 equi·

159 3141 229 3195 tatu
251 3134 430 3195 antecessit.
454 3133 569 3194 eodem
591 3134 687 3195 modo
709 3135 831 3217 primus
856 3133 1121 3218 equeshostium
1144 3136 1280 3216 agminis

159 3217 232 3297 fuit3
255 3227 404 3301 praeerat
426 3218 550 3280 Arruns
573 3218 777 3301 Tarquinius,
800 3218 886 3282 filius
909 3221 1008 3300 regis;
1032 3240 1093 3281 rex
1111 3220 1183 3304 ipse
1206 3240 1281 3283 cum

119 3324 134 3370 7
159 3300 340 3384 legionibus
363 3302 569 3387 sequebatur.
595 3305 717 3365 Arruns
739 3304 797 3367 ubi
813 3326 855 3367 ex
876 3303 1045 3367 lictoribus
1069 3304 1183 3387 procul
1207 3326 1280 3367 con·

160 3386 261 3450 sulem
289 3408 369 3463 esse,
404 3389 520 3450 deinde
553 3388 616 3450 iarn
649 3390 782 3472 propius
816 3411 854 3452 ac
881 3391 998 3452 certius
1033 3386 1116 3453 facie
1149 3411 1280 3474 quoque

159 3471 296 3534 Brutum
319 3473 478 3554 cognovit,
501 3471 716 3536 inflammatus
738 3474 786 3536 ira
803 3473 875 3556 ,ille
899 3483 949 3537 est
970 3476 1041 3536 vir*
1064 3475 1177 3557 inquit,
1204 3476 1280 3559 „qui

159 3578 216 3618 nos
240 3569 384 3619 extorres
408 3555 532 3640 expulit
549 3559 660 3640 patria.
683 3560 752 3640 ipse
777 3581 816 3622 en
833 3557 886 3621 ille
901 3561 1018 3622 nostris
1036 3559 1208 3622 decoratus
1234 3563 1278 3622 in·

117 3663 133 3712 8
160 3641 304 3723 signibus
319 3640 486 3722 magnifice
503 3643 630 3705 incedit.
649 3642 681 3705 di
696 3665 809 3725 regum
825 3643 948 3707 ultores
965 3644 1108 3708 adeste.“
1136 3646 1277 3708 concitat

160 3725 337 3788 calcaribus
362 3748 479 3809 equum
502 3736 599 3811 atque
621 3729 653 3790 in
673 3729 779 3811 ipsum
802 3729 935 3792 infestus
959 3728 1126 3793 consulem
1149 3729 1278 3809 derigit.

160 3811 258 3872 sensit
284 3813 373 3872 inse
401 3811 439 3872 iri
460 3809 589 3874 Brutus.
623 3813 776 3876 decorum
801 3824 870 3877 erat
897 3823 966 3878 tum
997 3816 1075 3899 ipsis
1107 3835 1279 3901 capessere
