2738 4146
327 113 436 163 marus
453 113 489 166 11.
509 111 584 165 car.
602 117 644 164 51.
663 117 704 167 sa.
724 113 757 183 [a.
776 114 809 165 u,
829 132 851 166 ο.
871 114 1027 184 ars-2791.
1224 103 1267 161 97

195 283 251 348 LI.
276 282 360 349 Cum
382 283 465 348 haec
488 293 623 369 accepta
646 283 756 347 clades
780 293 838 367 est,
866 286 931 350 iam
956 284 991 351 C.
1017 287 1171 352 Horatius
1196 298 1228 353 et
1248 307 1261 354 1

94 372 133 436 Τ.
166 371 336 434 Menenius
369 369 517 435 consules
560 380 660 434 erant.
698 369 869 434 Menenius
906 371 1064 437 adversus
1102 374 1227 439 Tuscos

87 458 228 523 victoria
251 455 353 521 elatos
377 455 546 521 confestim
562 457 690 520 missus.
713 466 783 520 tum
799 478 931 543 quoque
946 458 1031 523 male
1046 471 1226 545 pugnatum
1246 479 1262 526 a

90 554 152 623 est,
177 552 210 607 et
231 541 413 606 Ianiculum
435 541 547 606 hostes
570 563 791 627 occupavere3
815 541 1016 630 obsessaque
1038 545 1117 609 urbs
1140 547 1226 611 foret

90 651 192 714 super
215 627 336 692 bellum
361 650 490 692 annona
510 638 680 713 premente
704 665 744 674 -
768 629 963 693 transierant
986 631 1073 695 enim
1093 631 1226 696 Etrusci

90 714 238 779 Tiberim
261 752 312 798 —,
335 715 368 776 ni
391 713 547 778 Horatius
571 712 684 778 consul
711 736 754 778 ex
776 714 906 779 Volscis
933 725 1020 781 esset
1042 728 1225 782 revocatus.

90 802 242 886 adeoque
263 800 296 862 id
314 799 436 865 bellum
451 801 530 884 ipsis
546 800 661 864 institit
674 801 856 877 moenibus,
872 810 909 865 ut
923 803 1027 886 primo
1045 813 1225 887 pugnatum

90 888 133 952 ad
160 886 238 971 Spei
261 888 302 950 sit
324 908 430 971 aequo
453 886 569 968 Marte,
601 888 719 950 iterum
750 887 793 950 ad
824 896 953 972 portam
977 886 1145 954 Collinam.
1180 891 1260 955 ibis
1343 885 1345 889 ¹

90 994 294 1059 quamquam
316 994 417 1056 parvo
433 979 597 1036 momento
621 973 770 1057 superior
787 972 932 1036 Romana
947 996 999 1038 res
1022 974 1092 1055 fuit,
1115 975 1225 1040 melio·

89 1083 163 1123 rem
195 1067 304 1122 tamen
335 1058 471 1122 militem
496 1067 630 1143 recepto
654 1058 789 1142 pristino
805 1060 911 1123 animo
929 1060 961 1122 in
976 1060 1085 1123 futura
1100 1061 1226 1146 proelia

89 1146 126 1210 id
151 1153 315 1208 certamen
337 1143 424 1208 fecit.

196 1229 238 1293 A.
272 1230 450 1314 Verginius
485 1237 518 1293 et
549 1226 606 1314 Sp.
640 1227 797 1294 Servilius
830 1229 977 1294 consules
1016 1229 1107 1296 fiunt.
1152 1241 1263 1317 posta

89 1328 263 1401 acceptam
286 1317 442 1401 proxima
462 1337 573 1401 pugna
596 1313 721 1379 cladem
744 1315 898 1380 Veientes
931 1315 1117 1381 abstinuere
1140 1320 1225 1399 acie3

90 1401 323 1488 populationes
355 1410 456 1485 erant,
495 1411 527 1465 et
557 1399 648 1465 velut
679 1400 720 1464 ab
753 1423 828 1466 arce
859 1400 1003 1466 Ianiculo
1041 1405 1163 1489 passim
1194 1405 1227 1467 in

88 1489 275 1552 Romanum
299 1509 414 1571 agrum
436 1488 577 1574 impetus
600 1485 736 1567 dabant3
760 1509 824 1551 non
847 1510 985 1574 usquam
1001 1510 1123 1573 pecora
1145 1498 1225 1571 tuta,

88 1595 158 1638 non
197 1583 343 1657 agrestes
382 1582 483 1638 erant.
522 1573 611 1659 capti
643 1572 760 1636 deinde
793 1573 909 1638 eadem
940 1582 1011 1639 arte
1039 1584 1122 1658 sunt,
1161 1596 1263 1660 quat

89 1669 251 1747 ceperant
272 1659 403 1723 Fabios.
436 1661 540 1724 secuti
560 1658 673 1723 dedita
703 1680 804 1744 opera
834 1660 955 1744 passim
978 1661 1019 1723 ad
1044 1659 1227 1725 inlecebras

89 1745 248 1832 propulsa
270 1767 394 1829 pecora
408 1746 669 1831 praecipitavere
692 1746 724 1807 in
747 1745 892 1809 insidias.
917 1768 980 1831 quo
997 1745 1107 1831 plures
1124 1758 1225 1825 erant,

89 1833 197 1896 maior
219 1831 338 1896 caedes
366 1831 436 1895 fnit
469 1853 511 1895 ex
541 1830 606 1895 hac
636 1829 730 1895 clade
763 1840 858 1896 atrox
889 1833 939 1896 ira
968 1832 1100 1896 maioris
1124 1831 1262 1902 cladisc

93 1940 194 1983 causa
216 1927 315 2004 atque
338 1918 463 1982 initium
486 1916 555 1981 fnit
586 1919 720 1981 traiecto
756 1918 840 1980 enim
863 1928 960 1982 nocte
982 1917 1094 1982 Tiberi
1118 1927 1227 1982 castra

91 2003 212 2069 Servili
247 2002 388 2068 consulis
422 2003 529 2068 adorti
561 2013 635 2067 sunt
668 2025 868 2088 oppugnare.
906 2003 983 2068 inde
1014 2004 1078 2068 fusi
1109 2027 1227 2087 magna

92 2089 197 2160 caede
218 2091 251 2153 in
273 2088 455 2154 Ianiculum
486 2112 522 2153 se
545 2111 643 2172 aegre
666 2110 832 2174 recepere.
866 2089 1033 2154 confestim
1058 2089 1170 2154 consul
1194 2099 1260 2159 etr

93 2177 105 2240 i
131 2199 166 2240 se
189 2177 306 2240 transit
320 2174 475 2251 Tiberim,
500 2187 605 2239 castra
628 2174 688 2239 sub
712 2174 858 2238 Ianiculo
882 2177 1067 2240 communit.
1092 2186 1225 2262 postero

119 2264 150 2326 ie
173 2260 245 2327 luce
278 2271 350 2326 orta
369 2259 514 2326 nonnihil
547 2271 579 2326 et
601 2261 755 2324 hesterna
785 2260 937 2326 felicitate
968 2283 1098 2348 pugnae
1122 2262 1225 2344 ferox,

91 2349 197 2430 magis
219 2357 329 2412 tamen
352 2347 439 2433 quod
466 2348 576 2432 inopia
606 2346 757 2411 frumenti
788 2349 936 2430 quamvis
967 2349 1000 2410 in
1023 2349 1224 2433 praecipitia,

92 2435 170 2498 dum
188 2432 346 2499 celeriora
362 2441 480 2514 essent,
496 2433 615 2516 agebat
627 2430 769 2512 consilia,
786 2442 909 2497 temere
925 2431 1063 2497 adverso
1080 2432 1224 2497 Ianiculo

90 2521 133 2584 ad
158 2529 264 2584 castra
279 2519 420 2583 hostium
436 2520 539 2584 aciem
557 2519 661 2583 erexit
674 2518 869 2605 foediusque
885 2518 961 2581 inde
977 2518 1101 2604 pulsus,
1125 2541 1223 2605 quam
1246 2543 1262 2590 8

89 2607 199 2693 pridie
222 2605 403 2692 pepulerat,
434 2606 620 2670 interventu
643 2604 798 2688 conlegae
822 2604 892 2689 ipse
916 2605 1147 2689 exercitusque
1171 2613 1220 2668 est

90 2701 251 2758 servatus.
275 2694 360 2756 inter
383 2692 464 2755 duas
487 2693 574 2755 acies
596 2691 738 2770 Etrusci,
767 2713 841 2754 cum
864 2692 898 2755 in
919 2691 1027 2755 vicem
1049 2690 1098 2755 his
1123 2700 1220 2776 atque
1246 2703 1261 2750 9

88 2777 154 2842 illis
178 2787 271 2861 terga
287 2777 413 2859 darent,
439 2778 606 2843 occidione
623 2776 731 2841 occisi.
756 2777 801 2841 ita
816 2799 1012 2862 oppressum
1034 2778 1225 2841 temeritate

87 2863 179 2929 felici
202 2863 324 2928 Veiens
347 2862 479 2928 bellum.
1092 2894 1094 2898 ·

195 2948 269 3014 LII.
293 2949 377 3014 Urbi
413 2970 487 3014 cum
515 2971 599 3035 pace
633 2946 740 3013 laxior
778 2949 873 3011 etiam
907 2968 1036 3012 annona
1062 2948 1161 3012 rediit
1193 2957 1262 3012 et1

88 3036 230 3101 advecto
263 3059 306 3101 ex
330 3034 508 3120 Campania
538 3034 701 3098 frumento
734 3043 775 3117 et,
813 3044 987 3119 postquam
1025 3034 1123 3098 timor
1161 3034 1223 3097 sibi

88 3123 209 3207 cuique
231 3122 360 3186 futurae
382 3123 512 3205 inopiae
536 3121 624 3202 abiit,
649 3141 698 3203 eo,
728 3120 816 3206 quod
840 3120 987 3184 abditum
1010 3119 1125 3202 fuerat,
1149 3141 1222 3203 pro-

88 3208 167 3273 lato.
185 3230 227 3272 ex
243 3211 336 3292 copia
347 3208 468 3273 deinde
484 3208 615 3293 otioque
631 3205 780 3271 lascivire
795 3229 908 3270 rursus
925 3206 1023 3269 animi
1040 3215 1072 3269 et
1088 3205 1223 3288 pristina
1245 3220 1260 3267 2

88 3293 186 3376 mala,
209 3304 383 3381 postquam
398 3293 476 3358 foris
493 3294 636 3373 deerant,
662 3293 748 3355 domi
765 3314 931 3378 quaerere.
957 3290 1076 3354 tribuni
1092 3290 1222 3375 plebem

89 3381 215 3464 agitare
249 3403 309 3445 suo
340 3400 477 3463 veneno,
512 3379 640 3462 agraria
673 3377 762 3462 legc;
800 3379 833 3440 in
864 3380 1053 3442 resistentes
1086 3379 1222 3442 incitare

89 3477 201 3554 patres
222 3488 285 3530 nec
308 3468 340 3530 in
364 3467 533 3531 universos
548 3464 658 3545 modo,
682 3464 795 3528 sedin
819 3463 972 3547 singulos.
990 3462 1030 3543 Q.
1049 3462 1220 3527 Considius
1247 3480 1262 3527 3

89 3562 123 3619 et
145 3552 183 3616 T.
209 3551 385 3632 Genucius,
418 3561 568 3615 auctores
602 3552 750 3634 agrariae
781 3549 872 3633 legis,
896 3549 933 3613 T.
956 3549 1110 3614 Menenio
1135 3549 1220 3615 diem

89 3640 215 3705 dicunt.
248 3639 391 3705 invidiae
415 3647 484 3702 erat
515 3639 671 3701 amissum
695 3636 869 3701 Cremerae
902 3635 1111 3721 praesidium,
1146 3658 1218 3699 cum

89 3725 178 3791 haud
206 3725 322 3810 procul
353 3724 430 3789 inde
465 3724 582 3788 stativa
613 3720 727 3787 consul
758 3721 940 3804 habuissetq
975 3744 1015 3786 ea
1045 3722 1231 3806 oppressit,
1256 3739 1278 3780 s.

89 3834 166 3878 cum
189 3822 221 3876 et
235 3821 346 3897 patres
370 3810 457 3875 haud
472 3811 577 3874 minus
594 3831 694 3898 quam
709 3831 771 3899 pro
787 3807 971 3875 Coriolano
995 3807 1112 3872 adnuat
1123 3808 1259 3872 essem,

131 3913 245 3950 aaran
1154 3902 1175 3948 ‘t
