2738 4146
394 163 998 253 nmuaxx11.csr.so.[uuesss1.
1224 156 1286 214 205

96 344 331 407 immiscuerat.
364 346 495 402 senatus
518 335 678 400 submotis
700 336 830 400 arbitris
853 335 979 400 consuli
1002 348 1146 422 coeptus.
1191 338 1270 406 ibis

97 452 172 495 cum
194 426 366 492 sententiis
389 423 579 503 variaretur,
603 431 637 486 et
659 420 712 485 alii
733 422 943 487 redimendos
966 422 1008 487 de
1026 422 1168 508 publico,
1184 422 1237 488 alii

96 514 224 580 nullam
261 509 394 598 publice
429 512 599 595 inpensam
634 507 816 573 faciendam
851 531 913 575 nee
942 508 1164 593 prohibendos
1196 532 1274 581 ext

95 603 228 689 privato
259 597 387 679 redimi,
421 597 449 659 si
480 594 599 682 quibus
630 605 800 678 argentum
831 595 864 658 in
889 596 1074 680 praesentia
1097 596 1235 675 deesset,

97 687 241 752 dandam
265 707 309 748 ex
324 681 450 748 aerario
465 682 637 766 pecuniam
652 690 809 762 mutuam,
857 680 1074 767 raedibusque
1090 703 1129 747 aa
1143 704 1237 768 prae·

97 775 160 839 diis
183 770 369 838 cavendum
390 767 513 854 populo
533 778 712 839 censerent,
736 778 806 830 tum
821 703 859 830 'C
876 765 1015 831 Manlius
1038 767 1236 853 Torquatus,
1258 789 1273 838 s

97 861 232 950 priseae
255 878 294 921 ao
315 855 412 920 nimis
435 854 547 934 durae,
578 862 616 917 ut
636 851 801 1003 plerisque
827 852 1012 933 videbatur,
1045 856 1236 937 severitatis,

72 950 318 1027 ,iuterrogatus
340 942 535 1006 sententiam
566 939 612 1003 ita
655 948 768 1003 ocutus
791 939 907 1004 fertur:
943 939 989 1003 “si
1010 941 1273 1005 tantummodoo

94 1029 317 1120 postulassent
337 1027 439 1111 legati
459 1047 520 1111 pro
543 1026 593 1108 iis,
615 1026 671 1110 qui
692 1027 727 1088 in
749 1024 890 1089 hostium
912 1035 1075 1110 potestate
1098 1036 1184 1108 sunt,
1200 1036 1237 1091 ut

95 1119 350 1198 redimerentur,
373 1116 442 1178 sine
465 1111 563 1176 ullius
577 1112 789 1176 insectatione
805 1133 917 1176 eorum
935 1111 1027 1175 brevi
1043 1114 1236 1177 sententiam

95 1204 310 1291 peregissem.
321 1198 399 1286 quid
413 1199 499 1263 enim
507 1197 596 1262 aliud
606 1218 703 1282 quem
715 1197 911 1263 admonendi
923 1199 1046 1281 essetis,
1061 1210 1098 1261 ut
1112 1220 1236 1263 morem
1256 1207 1271 1256 ‘1

66 1290 256 1357 'traditum
277 1308 298 1351 a
318 1283 467 1372 patribus
498 1284 682 1348 necessario
714 1283 756 1347 ad
787 1306 856 1348 rem
888 1282 1062 1349 militarem
1086 1283 1237 1370 exemplo

95 1371 298 1443 servaretis?
310 1393 396 1436 nuno
405 1381 524 1452 autem,
535 1392 609 1434 cum
621 1391 725 1455 prope
735 1368 863 1453 gloriati
869 1370 942 1450 sint,
951 1370 1038 1456 quod
1046 1369 1238 1435 sehostibus

96 1460 286 1529 dediderint
307 1457 532 1544 praeferrique
554 1477 619 1520 non
641 1456 744 1540 captis
768 1456 866 1520 modo
883 1457 914 1520 in
932 1457 1005 1520 acie
1018 1456 1060 1519 ab
1077 1456 1236 1539 hostibus,

95 1549 158 1614 sed
181 1547 279 1612 etiam
302 1546 353 1628 iis,
369 1545 424 1630 qui
438 1541 618 1606 Venusiam
635 1539 876 1627 Canusiumque
891 1553 1122 1627 pervenerunt,
1138 1552 1238 1630 atque
1258 1552 1275 1602 s

94 1636 160 1722 ipsi
174 1632 213 1699 C.
231 1630 385 1696 Terentio
409 1627 533 1716 consuli
555 1649 697 1714 aequum
713 1629 907 1711 censuerint,
928 1627 1008 1692 nihil
1030 1646 1238 1712 voscorum,

93 1732 209 1808 patres
232 1717 416 1802 conscripti,
440 1737 525 1802 quae
546 1712 613 1778 illio
635 1724 709 1778 acta
730 1723 814 1796 sunt,
837 1714 989 1799 ignorare
1005 1716 1121 1799 patiar.
1139 1725 1238 1801 atque

94 1808 222 1872 utinam
255 1803 347 1887 baec,
384 1822 468 1890 quae
498 1800 587 1887 apud
619 1822 678 1865 vos
708 1810 839 1864 aeturus
870 1823 951 1883 sum,
986 1798 1119 1865 Canusii
1150 1802 1237 1886 apud

95 1896 207 1980 ipsum
231 1891 412 1955 exereitum
435 1909 577 1972 agerem,
601 1888 759 1972 optimum
780 1896 898 1952 testem
914 1887 1063 1970 ignaviae
1079 1888 1237 1973 cuiusque

97 1991 133 2044 et
154 1977 296 2059 virtutis,
320 1985 376 2039 aut
391 1996 474 2038 unus
489 1973 541 2037 hic
557 1972 673 2036 saltem
689 1972 819 2037 adesset
840 1972 877 2037 P.
894 1970 1116 2057 Sempronius,
1139 1995 1237 2059 quem

97 2067 126 2132 si
149 2064 204 2130 isti
227 2063 345 2128 ducem
368 2060 470 2126 secuti
493 2068 612 2142 essent,
634 2058 752 2123 milites
768 2058 866 2125 bodie
889 2060 921 2123 in
946 2061 1059 2124 castris
1073 2059 1237 2144 Romanis,

94 2174 162 2217 non
184 2149 306 2235 captivi
328 2148 360 2210 in
383 2146 525 2212 hostium
548 2155 711 2230 potestate
734 2156 851 2210 essent.
867 2146 925 2210 sed
943 2168 1025 2227 oum,
1041 2146 1135 2211 fessis
1156 2158 1273 2233 pag-a

94 2236 206 2303 nando
230 2233 378 2299 hostibus
400 2242 470 2297 tum
492 2233 631 2296 victoria
645 2231 739 2296 laetis
755 2246 789 2295 et
803 2233 883 2317 ipsis
922 2231 1065 2319 lerisque
1080 2234 1238 2315 regressis

95 2327 131 2389 in
154 2332 264 2388 castra
293 2341 362 2401 sua,
393 2327 525 2383 noctem
547 2318 588 2381 ad
617 2318 854 2402 erumpendum
877 2254 1013 2382 liberam
1036 2317 1236 2402 habuissent,

96 2420 131 2475 et
162 2416 289 2492 septem
319 2404 409 2471 milia
439 2416 636 2470 armatorum
668 2403 835 2469 bominum
862 2424 1034 2489 erumpere
1058 2405 1155 2468 etiam
1177 2426 1237 2490 per

96 2495 261 2561 confertos
283 2492 394 2557 hostes
418 2501 562 2577 possent,
587 2512 694 2576 neque
717 2513 778 2575 per
799 2512 834 2555 se
856 2491 918 2574 ipsi
939 2491 973 2553 id
995 2489 1105 2552 facere
1129 2492 1236 2555 conati

96 2591 301 2666 sunt-neque
323 2576 422 2642 alium
444 2578 538 2663 sequi
558 2576 740 2640 voluerunt.
764 2586 859 2641 nocte
875 2598 978 2662 prope
999 2585 1070 2640 tota
1091 2574 1128 2640 P.
1144 2574 1234 2641 Sem·
1256 2589 1289 2637 lo

95 2669 230 2755 pronius
252 2665 434 2730 Tuditanus
456 2683 519 2726 non
542 2662 667 2727 destitit
687 2685 830 2746 monere,
866 2662 1034 2726 adhortari
1059 2683 1126 2746 eos,
1159 2663 1236 2727 dum

95 2754 246 2841 paucitas
269 2751 412 2839 hostium
434 2750 523 2814 circa
545 2759 660 2831 castra,
684 2748 761 2812 dum
785 2749 877 2836 quies
899 2771 938 2812 ac
961 2748 1123 2813 silentium
1139 2759 1235 2833 esset,

96 2842 175 2906 dum
198 2861 266 2903 nox
291 2838 458 2922 inceptum
489 2845 608 2918 tegere.
633 2845 755 2920 posset,
788 2858 823 2899 se
856 2835 973 2900 ducem
1005 2845 1234 2921 sequerentur:

95 2937 171 2992 ante
193 2924 303 2990 lucem
324 2923 496 3008 pervenire
518 2922 551 2985 in
573 2930 645 2985 tuta
665 2920 746 3002 loca,
769 2922 803 2984 in
825 2922 987 2986 sociorum
1011 2923 1110 2987 urbes
1126 2945 1233 3007 posse.
1255 2936 1286 2984 11

94 3015 123 3078 si
144 3024 182 3078 ut
203 3032 342 3076 avorum
363 3008 520 3073 memoria
533 3006 571 3071 P.
587 3006 709 3072 Decius
725 3007 874 3071 tribunus
890 3007 1028 3072 militum
1043 3010 1075 3072 in
1092 3007 1234 3088 Samnio,

95 3101 122 3165 si
150 3107 189 3164 ut
218 3096 315 3162 nobis
344 3092 607 3163 adulescentibus
640 3094 750 3181 priore
781 3094 904 3158 Punico
927 3092 1014 3159 bello
1039 3092 1235 3179 Calpurnius

94 3184 245 3251 Flamma
267 3181 422 3248 trecentis
444 3179 647 3263 voluntariis,
682 3202 756 3244 cum
781 3180 821 3243 ad
844 3178 1005 3244 tumulum
1028 3202 1084 3244 eos
1108 3180 1234 3264 capien-

95 3273 174 3337 dum
197 3271 295 3334 situm
317 3270 403 3333 inter
433 3267 559 3332 medios
591 3266 729 3331 duceret
758 3266 881 3349 hostes,
913 3266 997 3330 dixit
1028 3266 1233 3349 ,moriamur,

94 3357 225 3440 milites,
249 3366 284 3420 et
305 3363 410 3419 morte
426 3363 539 3417 nostra
554 3353 729 3438 eripiamus
746 3374 790 3417 ex
807 3351 977 3417 obsidione
994 3354 1234 3417 circumventas
1253 3367 1286 3414 12

94 3439 275 3530 legiones“,
299 3442 326 3505 si
348 3440 412 3504 hoc
436 3439 472 3504 P.
497 3439 709 3525 Sempronius
732 3439 867 3521 diceret,
890 3460 951 3502 nec
974 3440 1063 3503 viros
1080 3438 1234 3524 equidem

92 3553 154 3596 nea
176 3529 342 3594 Romanos
363 3548 423 3592 voa
446 3526 612 3608 ducerem,
629 3527 656 3590 si
671 3547 767 3590 nemo
782 3534 893 3590 tantae
911 3526 1037 3589 virtutis
1054 3524 1234 3589 exstitisset

93 3638 216 3705 eomes.
232 3615 321 3680 viam
335 3635 401 3678 non
414 3611 455 3676 ad
471 3611 609 3696 gloriam
626 3612 729 3696 magis
746 3634 844 3698 quam
859 3611 902 3674 ad
918 3610 1056 3676 salutem
1071 3609 1232 3674 ferentem
1253 3625 1286 3675 1³

92 3704 311 3782 demonstrat3
344 3699 483 3764 reduces
514 3698 546 3762 in
580 3698 720 3783 patriam
751 3697 793 3762 ad
822 3707 984 3781 parentes,
1009 3697 1051 3760 ad
1076 3697 1231 3781 coniuges
1253 3714 1286 3763 14

93 3811 133 3854 ac
163 3788 288 3855 liberos
314 3785 401 3851 facit.
424 3795 461 3849 ut
483 3785 669 3863 servemini,
693 3785 786 3848 deest
807 3782 902 3847 vobis
926 3784 1067 3847 animus:
1094 3783 1183 3868 quid,
1207 3784 1234 3847 si

95 3874 301 3941 moriendum
331 3894 394 3958 pro
423 3870 533 3958 patria
565 3880 661 3955 esset,
688 3867 862 3937 laceretis‘l
892 3870 1137 3957 quinquaginta
1151 3867 1251 3929 mihis
