2738 4146
86 139 128 195 80
332 150 441 199 LIBER
457 150 494 199 11.
512 110 588 199 cnr.
605 153 648 201 32.
666 152 707 200 33.
725 149 762 217 [a.
780 150 812 201 U.
831 166 854 201 c.
872 151 1030 220 roo-2621.

137 331 246 384 autem
267 320 483 405 tranquillam,
508 343 591 405 quae
608 322 788 399 secesserit,
812 320 1051 388 multitudinem
1068 324 1164 389 fore?
1188 328 1267 412 quid

137 407 281 470 lirturum
305 407 433 485 deinde,
468 407 494 469 si
518 406 604 491 quod
628 417 799 471 externum
821 408 949 471 interim
973 408 1095 474 bellum
1124 412 1267 476 existar?

101 491 257 560 rnullam
288 492 435 576 profecto
468 493 529 554 nisi
560 493 593 555 in
624 493 797 556 concordia
828 495 947 556 civium
979 517 1072 578 spem
1103 496 1264 582 reliquam

139 578 273 655 ducere3
302 599 373 640 eam
396 600 455 661 per
477 599 591 662 aequa,
622 601 683 664 per
703 578 815 663 iniqua
838 579 1110 645 reconciliandam
1141 583 1265 647 civitati

99 682 114 730 8
139 685 221 727 esse.
253 661 372 746 placuit
403 664 500 745 igitur
532 674 692 727 oratorem
724 665 766 726 ad
798 662 928 748 plebem
959 666 1043 728 mitti
1074 666 1263 734 Menenium

138 747 329 833 Agrippam,
360 749 533 812 facundum
565 749 671 811 virum
702 760 744 830 et,
777 751 864 834 quod
897 750 973 812 inde
1003 752 1158 817 oriundus
1184 767 1261 836 erat,

138 833 227 919 plebi
250 855 369 896 carum.
403 835 430 897 is
453 835 656 898 intromissus
679 836 711 897 in
734 851 841 898 castra
864 836 971 920 prisco
994 836 1049 900 illo
1074 837 1207 903 dicendi
1230 851 1262 905 et

138 919 272 984 horrido
288 920 385 983 modo
401 918 481 982 nihil
497 919 585 984 aliud
599 943 696 1005 quam
716 919 779 984 hoc
795 943 943 985 narrasse
961 922 1076 986 fertur:
1100 932 1261 1010 tempore,

99 1027 114 1074 o
139 1027 204 1091 quo
227 1006 259 1067 in
283 1005 412 1069 homine
434 1026 509 1083 non,
532 1016 567 1068 ut
588 1027 684 1088 nunc,
708 1007 815 1069 omnia
837 1008 868 1068 in
891 1029 990 1070 unum
1014 1012 1260 1091 consentientia,

139 1090 196 1155 sed
220 1091 353 1172 singulis
387 1090 540 1155 membris
573 1114 664 1154 suum
689 1093 806 1176 cuique
829 1091 1008 1172 consillum,
1043 1116 1121 1158 suus
1154 1118 1261 1161 sermo

138 1177 244 1257 fuerit,
275 1177 458 1259 indignatas
481 1175 622 1261 reliquas
644 1187 753 1260 partes
785 1201 843 1241 sua
876 1199 962 1260 cura,
995 1201 1053 1244 suo
1086 1179 1203 1247 labore
1225 1205 1261 1247 ac

138 1263 314 1325 ministerio
345 1264 451 1326 ventri
474 1265 581 1325 omnia
603 1263 723 1347 quaeri,
745 1272 893 1327 ventrem
920 1265 952 1326 in
981 1265 1089 1329 medio
1113 1268 1260 1351 quietum

96 1347 218 1410 ronihil
240 1346 328 1410 aliud
353 1370 449 1434 quam
473 1349 555 1411 datis
587 1348 808 1433 voluptatibus
831 1348 908 1427 srui;
944 1352 1150 1434 conspirasse
1173 1353 1259 1438 inde,

137 1456 179 1497 ne
201 1455 315 1496 manus
346 1434 388 1497 ad
420 1455 456 1498 os
479 1433 587 1497 cibum
615 1434 745 1516 ferrent,
778 1457 839 1499 nec
870 1455 906 1498 os
939 1437 1103 1520 acciperet
1137 1437 1259 1522 datum,

136 1518 335 1583 necdentes
359 1519 564 1583 conficerent.
589 1519 651 1583 hac
673 1522 721 1582 ira
744 1521 820 1583 dum
842 1529 988 1584 ventrem
1013 1521 1100 1586 fame
1124 1524 1259 1589 domare

137 1604 267 1687 vellent,
299 1605 371 1689 ipsa
401 1628 465 1668 una
486 1605 634 1668 membra
665 1616 833 1689 totumque
864 1627 980 1689 corpus
1013 1607 1053 1670 ad
1078 1619 1260 1675 extremam

97 1690 246 1754 litabam
267 1692 405 1754 venisse.
439 1691 515 1754 inde
538 1692 726 1775 apparuisse
748 1693 869 1756 ventris
894 1714 1023 1778 quoque
1047 1693 1135 1756 haud
1160 1718 1260 1780 segne

137 1777 348 1839 mInisterium
372 1798 453 1847 esse,
477 1798 538 1839 nec
553 1778 655 1859 magis
678 1776 720 1839 ali
737 1799 834 1861 quam
850 1776 936 1841 alere
953 1800 1036 1860 eum,
1063 1779 1259 1845 reddentem

136 1863 170 1925 in
193 1884 304 1925 omnes
327 1863 472 1946 corporis
503 1872 611 1946 partes
635 1863 731 1938 hunc,
765 1885 828 1947 quo
860 1864 1000 1928 vivimus
1031 1864 1258 1952 vigemusque,

140 1947 276 2010 divisum
295 1949 414 2032 pariter
428 1949 461 2010 in
483 1969 592 2025 venas,
615 1964 774 2011 maturum
792 1948 935 2013 confecto
960 1948 1032 2012 cibo
1057 1953 1258 2034 sanguinem.

96 2033 356 2116 incomparando
389 2032 474 2110 hino,
508 2055 603 2117 quam
635 2036 787 2097 intestina
818 2035 962 2119 corporis
994 2035 1110 2098 seditio
1143 2038 1257 2103 similis

137 2129 223 2181 esset
244 2120 312 2180 irae
334 2118 439 2201 plebis
462 2122 494 2180 in
517 2129 635 2201 patres,
659 2118 790 2182 flexisse
812 2130 937 2184 mentes
960 2119 1137 2184 hominum.

94 2219 108 2266 1
237 2203 399 2267 XXXIII.
437 2203 501 2287 Agi
539 2204 657 2268 deinde
699 2206 741 2269 de
779 2206 951 2269 concordia
987 2215 1140 2290 coeptum
1183 2230 1257 2273 con·

135 2311 328 2374 cessumque
358 2290 391 2352 in
414 2290 629 2370 condiciones,
661 2300 696 2354 ut
726 2289 815 2376 plebi
845 2292 894 2354 sui
917 2293 1124 2373 magistratus
1149 2302 1258 2359 essent

134 2376 339 2452 sacrosancti,
374 2374 492 2460 quibus
524 2374 634 2438 auxilii
665 2374 742 2440 latio
774 2376 931 2440 adversus
970 2376 1119 2441 consules
1158 2390 1253 2462 esset,

95 2478 216 2525 rneve
248 2462 298 2524 cui
330 2472 458 2544 patrum
493 2482 611 2545 capere
646 2484 718 2524 eum
742 2464 963 2544 magistratum
988 2462 1110 2526 liceret.
1143 2465 1255 2550 itaque

133 2546 253 2610 tribuni
275 2546 383 2632 plebei
407 2547 508 2609 creati
531 2549 605 2623 duo,
630 2544 665 2611 C.
681 2547 825 2610 Licinius
849 2558 881 2610 et
896 2547 934 2610 L.
960 2547 1106 2613 Albinus.
1130 2548 1166 2612 hi
1188 2563 1256 2615 tres

136 2630 286 2714 conlegas
313 2633 375 2695 sibi
397 2642 598 2696 creaverunt.
630 2632 662 2694 in
686 2632 735 2696 his
758 2632 912 2697 Sicinium
943 2633 1062 2713 fuisse,¹
1087 2634 1256 2701 seditionis

93 2736 108 2784 3
134 2727 313 2797 auctorem3
338 2718 378 2781 de
402 2717 607 2802 duobus0qui
623 2718 751 2797 fuerint,
780 2719 884 2783 minus
902 2720 1062 2783 convenit.
1087 2730 1172 2793 sunt,
1198 2724 1255 2808 qni

134 2803 215 2865 duos
238 2812 361 2865 tantum
384 2804 416 2865 in
440 2802 539 2868 Sacro
571 2813 680 2867 monte
712 2814 836 2868 creatos
869 2804 1013 2870 tribunos
1046 2828 1119 2870 esse
1143 2807 1254 2872 dicant

132 2887 242 2972 ibique
265 2899 422 2951 sacratam
445 2888 549 2970 legem
573 2887 681 2953 latam.

235 2974 300 3036 Per
344 2976 556 3037 secessionem
596 2973 701 3059 plebis
739 2973 794 3058 Sp.
834 2973 964 3038 Cassius
1009 2985 1042 3039 et
1077 2975 1256 3045 Postumus

91 3081 107 3128 4
133 3059 299 3124 Cominius
323 3059 521 3123 consulatum
555 3060 703 3123 inierant.
735 3059 785 3122 his
817 3061 1002 3124 consulibus
1036 3083 1107 3124 cum
1130 3062 1257 3131 Latinis

132 3147 261 3230 populis
284 3146 383 3209 ictum
406 3145 531 3209 foedus.
567 3145 608 3208 ad
629 3145 663 3208 id
686 3145 865 3209 feriendum
891 3146 1003 3210 consul
1027 3146 1109 3210 alter
1130 3148 1256 3217 Romae

132 3233 264 3311 mansit3
298 3230 380 3294 alter
402 3232 444 3294 ad
467 3231 622 3295 Volscum
645 3230 766 3294 bellum
801 3233 917 3294 missus
940 3232 1088 3297 Antiates
1112 3233 1255 3303 Volscos

131 3318 237 3381 fundit
253 3318 417 3402 fugatque,
442 3317 614 3401 conpulsos
629 3318 661 3378 in
685 3316 841 3401 oppidum
855 3317 1038 3400 Longulam
1060 3331 1255 3403 persecutus

92 3424 107 3471 5
132 3403 300 3468 moenibus
323 3404 452 3487 politur.
476 3404 552 3466 inde
574 3403 719 3488 protinus
742 3402 925 3483 Poluscam,
948 3404 1024 3467 item
1047 3403 1256 3493 Volscorum,

132 3490 231 3573 cepit;
270 3500 336 3551 tum
368 3511 485 3569 magna
515 3489 548 3551 vi
579 3489 712 3552 adortus
746 3498 794 3550 est
828 3487 985 3552 Coriolos.
1019 3499 1088 3553 erat
1119 3501 1188 3556 tum
1220 3496 1255 3559 in

133 3575 243 3638 castris
267 3574 352 3636 inter
374 3576 531 3659 prImores
558 3575 711 3636 iuvenum
735 3571 792 3636 Cn.
816 3573 967 3651 Marcius,
1001 3573 1197 3643 adulescens
1222 3592 1256 3647 et

132 3658 263 3725 consilio
288 3670 320 3722 et
342 3683 439 3722 manu
461 3670 641 3743 promptus,
666 3659 717 3722 cui
740 3680 917 3741 cognomen
940 3669 1055 3744 postea
1078 3659 1254 3731 Coriolano

93 3769 106 3816 a
131 3745 199 3808 fuit.
233 3768 304 3809 curn
329 3745 434 3807 subito
459 3748 637 3808 exercitum
662 3744 843 3808 Romanum
866 3743 1013 3810 Coriolos
1048 3745 1255 3817 obsidentem

130 3841 227 3914 atque
248 3831 279 3893 in
305 3830 496 3916 oppidanos,
529 3853 609 3916 quos
634 3831 718 3892 intus
751 3829 877 3893 clausos
909 3830 1062 3913 habebat,
1093 3833 1254 3903 intentum
