2738 4146
106 158 145 213 32
352 171 461 220 LIBER
478 172 500 223 1.
520 171 594 220 CAP.
613 174 655 222 dl.
674 176 714 222 35.
735 172 767 239 [a.
786 172 818 223 U.
837 188 859 222 c.
879 170 1023 238 114-138]

156 339 274 404 leniter
297 339 355 403 alis
378 339 514 425 pilleum
537 341 643 405 aufert
666 362 705 404 su
731 364 831 427 erque
848 352 1038 427 carpentum
1064 365 1138 406 cum
1163 365 1283 419 magno

156 424 307 509 clangore
341 427 482 490 volitans
516 449 628 491 rursus
665 365 755 491 velut
787 429 962 491 ministerio
997 428 1150 493 divinitus
1182 431 1284 493 missa

120 529 136 577 a
156 512 289 595 capitia
314 521 346 574 te
361 515 505 597 reponit;
529 513 605 577 inde
622 512 768 577 sublimis
786 513 862 578 abit.
879 515 1045 599 accepisse
1059 514 1093 576 id
1110 517 1283 598 augurium

155 598 241 660 laeta
281 534 398 659 dicitur
434 597 601 683 Tanaquil,
644 600 758 685 perita,
797 608 831 661 ut
867 599 964 682 vulgo
996 599 1136 681 Etrusci,
1178 600 1282 665 caele·

158 683 255 746 stium
277 682 499 767 prodigiorum
522 684 645 750 mulier.
672 684 802 748 excelsa
825 692 858 748 et
879 684 945 748 alta
967 707 1099 770 sperare
1122 685 1284 771 conplexa

154 770 260 832 virum
282 768 387 832 iubet:
411 791 481 832 eam
506 769 625 850 alitem,
657 792 696 833 ea
717 772 850 853 regione
874 770 954 834 caeli
977 780 1010 833 et
1033 773 1102 833 eius
1126 770 1178 834 dei
1201 793 1281 835 nun·

154 855 232 917 tiam
255 856 393 933 venisse,
427 857 513 918 circa
535 878 694 919 summum
720 856 848 918 culmen
870 855 1009 919 hominis
1033 857 1212 939 auspicium
1234 859 1281 920 l‘e·

156 941 249 1021 cisse,
272 939 399 1003 levasse
415 940 555 1004 humano
579 943 818 1026 superpositum
834 943 933 1026 capiti
949 941 1058 1023 decus,
1075 952 1111 1005 ut
1126 941 1283 1006 divinitus

106 1044 137 1092 ro
157 1025 263 1088 eidem
292 1024 454 1089 redderet.
489 1026 548 1088 has
580 1048 654 1110 spes
679 1027 956 1111 cogitationesque
979 1049 1088 1090 secum
1111 1038 1281 1111 portantes

155 1110 270 1174 urbem
285 1111 423 1193 ingressi
446 1122 521 1175 sunt
545 1110 772 1198 domicilioque
797 1112 843 1177 ibi
866 1122 1054 1196 comparato
1078 1112 1117 1175 L.
1143 1112 1280 1197 Tarqui·

104 1217 134 1263 11
156 1197 246 1259 nium
269 1196 416 1260 Priscum
450 1197 581 1261 edidere
604 1219 730 1261 nomen.
768 1197 921 1261 Romanis
955 1199 1167 1283 conspicuum
1205 1219 1281 1260 eum

88 1322 109 1360 ζ
154 1283 281 1346 novitas
306 1283 502 1368 divitiaeque
524 1283 703 1364 faciebant3
726 1285 850 1368 etipse
872 1284 1034 1347 fortunam
1058 1281 1199 1365 benigno
1223 1284 1279 1346 ad-

155 1366 276 1452 loquio,
310 1369 463 1432 comitate
486 1369 642 1433 invitandi
666 1368 909 1453 beneficiisque,
944 1390 1024 1453 quos
1046 1379 1185 1454 poterat,
1218 1369 1280 1433 eibi

156 1451 356 1517 conciliando
380 1453 565 1536 adiuvabat,
590 1455 692 1519 donec
713 1455 746 1517 in
766 1456 888 1536 regiam
912 1476 1042 1538 quoque
1065 1454 1107 1517 de
1131 1475 1169 1518 eo
1191 1453 1280 1517 fama

105 1562 136 1609 12
156 1538 282 1623 perlata
306 1549 363 1603 est.
396 1541 608 1625 notitiamque
633 1563 704 1603 eam
726 1540 819 1603 brevi
853 1542 940 1624 apud
964 1561 1077 1623 regem
1100 1538 1282 1604 liberaliter

157 1626 356 1710 dextereque
380 1625 529 1689 obeundo
551 1625 658 1689 officia
679 1628 712 1688 in
733 1624 898 1688 familiaris
915 1626 1073 1688 amicitiae
1095 1625 1281 1688 adduxerat

157 1712 235 1792 iura,
259 1721 295 1774 ut
317 1710 458 1796 publicis
481 1713 603 1796 pariter
630 1734 668 1774 ac
690 1712 827 1796 privatis
851 1711 991 1774 consiliis
1013 1709 1100 1775 bello
1124 1710 1278 1796 domique

155 1798 327 1860 interesset
364 1807 396 1860 et
431 1818 492 1882 per
532 1798 638 1860 omnia
670 1805 825 1882 expertus
863 1806 1029 1880 postremo
1061 1804 1150 1859 tutor
1180 1797 1279 1859 etiam

156 1880 268 1945 liberis
291 1883 377 1965 regis
400 1890 593 1946 testamento
616 1884 845 1945 institueretur.

123 1975 137 2023 1
258 1967 400 2030 XXXV.
434 1968 595 2050 Regnavit
625 1968 735 2030 Ancus
771 1989 870 2031 annos
903 1977 1056 2051 quattuor
1088 1976 1121 2030 et
1153 1967 1278 2048 viginti,

156 2051 288 2117 cuilibet
310 2053 514 2135 superiorum
536 2076 649 2135 regum
674 2051 750 2116 belli
766 2054 920 2138 pacisque
937 2061 969 2116 et
984 2052 1107 2115 artibus
1125 2060 1158 2114 et
1173 2049 1280 2136 gloria

154 2160 224 2224 par.
248 2139 312 2201 iam
334 2137 391 2200 filii
414 2160 517 2222 prope
539 2139 696 2222 puberem
721 2147 859 2201 aetatem
884 2146 984 2200 erant.
1008 2159 1047 2200 eo
1071 2138 1174 2220 magis
1196 2136 1277 2199 Tar-

180 2223 282 2287 uinius
313 2225 443 2305 instare,
481 2232 518 2287 ut
549 2245 645 2310 quam
683 2225 822 2307 primum
861 2225 992 2286 comitia
1028 2224 1097 2304 regi
1135 2223 1279 2287 creando

121 2247 284 2390 aderent3
317 2309 434 2393 quibus
467 2309 596 2373 indictis
628 2307 688 2372 sub
720 2317 848 2393 tempus
872 2330 989 2393 pueros
1011 2316 1165 2374 venatum
1188 2307 1279 2372 able-

154 2395 253 2478 gavit.
281 2397 374 2479 isque
396 2396 519 2478 primus
543 2404 577 2458 et
598 2395 719 2479 petisse
750 2394 921 2459 ambitiose
943 2415 1080 2477 regnum
1104 2402 1136 2456 et
1160 2394 1277 2458 oratio-

153 2503 227 2544 nem
253 2479 369 2543 dicitur
391 2480 544 2545 habuisse
576 2481 618 2544 ad
650 2478 868 2544 conciliandos
899 2478 1004 2564 plebis
1037 2479 1159 2542 animos
1192 2501 1279 2542 coms

119 2577 135 2624 ³
154 2567 307 2651 positam:
333 2588 367 2630 se
390 2588 454 2629 non
476 2589 545 2629 rem
568 2587 685 2630 novam
708 2576 831 2650 petere,
856 2567 976 2651 quippe
994 2567 1049 2650 qui
1064 2584 1128 2627 non
1143 2565 1277 2648 primus,

155 2651 242 2736 quod
267 2653 436 2737 quisquam
459 2652 620 2734 indignari
641 2651 791 2715 mirarive
808 2661 927 2736 posset,
953 2650 1010 2713 sed
1026 2651 1140 2712 tertius
1155 2649 1278 2712 Romae

155 2739 345 2820 peregrinus
368 2759 504 2820 regnum
528 2736 684 2800 adfectet:
718 2744 750 2800 et
771 2737 900 2799 Tatium
931 2758 994 2799 non
1029 2757 1071 2798 ex
1102 2736 1276 2819 peregrino

154 2820 268 2903 solum,
293 2822 350 2886 sed
374 2824 469 2884 etiam
487 2844 529 2885 ex
543 2821 638 2885 hoste
653 2843 763 2904 regem
778 2822 910 2902 factum,
927 2831 959 2884 et
973 2820 1113 2883 Numam
1128 2820 1277 2903 ignarum

120 2906 245 2970 turbis
267 2928 331 2970 uon
360 2917 524 2992 petentem
557 2909 590 2969 iu
612 2928 747 2988 regnum
770 2907 855 2970 ultro
879 2908 1034 2983 accitum3
1067 2927 1112 2987 se,
1148 2927 1189 2969 ex
1212 2927 1278 2989 quo

155 2994 203 3056 sui
227 3002 341 3077 potens
363 2992 469 3074 fuerit,
492 2993 627 3055 Romam
652 3015 725 3055 cum
748 2994 886 3075 coniuge
909 3014 946 3054 ac
968 2991 1104 3054 fortunis
1128 2989 1277 3055 omnibus

155 3080 404 3162 commigrasse3
441 3080 596 3141 maiorem
627 3088 754 3161 partem
787 3079 902 3142 aetatis
926 3079 1004 3157 eius,
1039 3098 1104 3161 qua
1127 3074 1275 3140 civilibus

156 3164 269 3227 officiis
291 3164 465 3247 fungantur
488 3162 647 3243 homines,
672 3163 794 3225 Romae
818 3186 853 3226 se
876 3185 973 3248 quam
995 3163 1028 3225 iu
1044 3171 1156 3226 vetere
1171 3162 1278 3246 patria

120 3250 291 3329 evixisse5
327 3250 414 3312 dorni
443 3247 640 3334 militiaeque
675 3248 734 3312 sub
768 3248 855 3312 haud
885 3247 1080 3332 paenitendo
1112 3247 1278 3329 magistro,

155 3334 225 3418 ipso
248 3334 340 3398 Anco
364 3357 451 3417 rege,
474 3334 618 3397 Romana
641 3356 676 3397 se
699 3335 779 3414 iura,
803 3334 965 3397 Romanos
996 3333 1077 3396 ritus
1111 3332 1278 3412 didiciss03

155 3420 311 3504 obsequio
335 3430 368 3484 et
391 3421 597 3483 observantia
618 3421 651 3482 in
672 3441 782 3502 regem
807 3442 879 3483 cum
903 3418 1062 3496 omnibus,
1077 3417 1278 3499 benignitate

120 3521 233 3588 terga
256 3503 336 3569 alios
360 3526 433 3568 cum
456 3527 533 3588 rege
556 3508 626 3589 ipso
660 3515 811 3568 certasse.
849 3504 932 3567 haec
964 3526 1040 3568 eum
1074 3503 1162 3566 haud
1194 3502 1279 3567 falsa

154 3600 388 3654 memorantem
426 3592 548 3673 ingenti
586 3612 743 3654 consensu
774 3589 913 3674 populus
944 3588 1108 3652 Romanus
1140 3608 1279 3672 regnare

154 3677 255 3740 iussit.
281 3697 359 3760 ergo
382 3677 486 3739 virum
511 3685 620 3739 cetera
635 3676 802 3758 egregium
826 3683 946 3756 secuta,
964 3695 1061 3759 quam
1084 3675 1116 3736 in
1131 3672 1277 3759 petendo

154 3760 325 3837 babuerat,
350 3763 445 3824 etiam
469 3771 657 3844 regnantem
685 3760 818 3824 ambitio
851 3770 915 3839 est3
952 3782 1014 3823 nec
1047 3760 1153 3823 minus
1183 3759 1279 3842 regni

143 3847 201 3906 sui
218 3846 373 3909 armandi
396 3868 492 3932 quam
528 3846 697 3931 augendae
728 3847 776 3911 rei
807 3845 959 3932 publicae
991 3867 1116 3909 memor
1147 3851 1276 3908 centum
