2738 4146
34 172 36 177 Α
87 107 127 165 rc
346 119 456 168 sinae
473 119 493 167 1.
513 117 588 167 car.
607 119 648 167 as.
667 119 708 166 aa.
728 113 761 184 [a
780 115 814 170 0.
833 132 855 166 0.
873 113 1006 184 82-114]

140 291 243 355 secuti
276 298 361 366 sunt,
394 300 431 353 ut
461 297 493 353 et
526 310 595 369 vos,
629 287 655 351 si
690 308 754 374 quo
787 307 847 370 ego
871 287 947 350 inde
970 307 1087 369 agmen
1111 285 1292 369 declinare·

138 375 328 458 voluissem,
351 376 522 440 fecissetis.
562 374 697 437 Mettius
728 371 783 435 ille
808 381 857 436 est
880 373 999 437 ductor
1020 374 1144 438 itineris
1166 372 1274 456 huius,

139 463 275 526 Mettius
298 462 386 524 idem
409 460 505 525 huius
540 460 744 523 machinator
769 457 857 540 belli,
892 458 1025 522 Mettius
1047 460 1189 525 foederis
1212 459 1273 523 Ro·

141 549 228 612 mani
250 546 435 634 Albanique
458 556 583 632 ruptor.
622 546 742 610 audeat
772 545 890 609 deinde
923 544 1002 608 talia
1028 545 1120 628 alius,
1154 548 1217 610 nisi
1240 548 1293 610 in·

108 634 228 703 thunc
250 634 378 718 insigne
409 634 473 697 iam
508 633 741 697 documentum
776 630 968 695 mortalibus
1004 632 1158 697 dedero·“
1198 653 1273 698 ceu·

140 721 285 785 tuniones
308 720 424 783 armati
446 719 595 782 Mettium
620 717 876 799 circumsistunt3
900 739 961 780 rex
984 728 1102 801 cetera,
1126 728 1163 784 ut
1179 740 1273 784 orsus

140 816 220 888 erat,
252 807 395 892 peragit:
431 806 538 892 „quod
572 805 705 884 bonum,
737 803 878 867 faustum
909 802 1054 889 felixque
1086 805 1127 869 sit
1150 804 1274 891 populo

140 893 285 958 Romano
310 915 349 956 ac
371 892 450 955 mihi
472 892 642 977 vobisque,
674 888 805 972 Albani,
837 888 993 974 populum
1019 912 1149 955 omnem
1173 891 1274 955 Alba·

140 999 218 1043 num
241 978 377 1042 Romam
401 977 576 1042 traducere
599 977 631 1040 in
654 977 762 1039 animo
786 984 845 1056 cst,
882 978 1045 1041 civitatem
1071 977 1149 1042 dare
1171 977 1274 1063 plebi,

140 1066 301 1151 primores
323 1066 355 1127 in
378 1074 489 1149 patres
512 1062 631 1146 legere,
659 1083 755 1126 unam
779 1061 906 1144 urbem,
938 1085 1036 1127 unam
1067 1085 1137 1128 rem
1167 1064 1272 1149 publi·

143 1173 213 1216 cam
247 1151 364 1216 facere.
403 1160 440 1214 ut
471 1171 513 1214 ex
531 1145 608 1212 'uno
640 1148 803 1234 quondam
837 1149 869 1211 in
902 1149 984 1213 duos
1006 1149 1146 1234 populos
1169 1151 1277 1216 divisa

52 1274 82 1339 ,p
107 1260 123 1308 0
143 1235 274 1302 Albana
296 1259 349 1301 res
373 1246 432 1318 est,
457 1237 504 1300 sie
527 1235 668 1299 nuncin
691 1257 790 1299 unum
812 1234 960 1298 redeat.“
984 1237 1027 1298 ad
1044 1235 1126 1301 haee
1141 1234 1276 1302 Albana

145 1324 249 1409 pubes
273 1324 404 1386 inermis
428 1321 469 1386 ab
493 1322 624 1385 armatis
648 1330 763 1406 saepta
784 1321 818 1384 in
832 1323 930 1384 variis
946 1320 1169 1388 voluntatibus
1184 1344 1275 1387 com·

108 1433 124 1482 0
147 1411 236 1473 muni
258 1416 365 1473 tamen
383 1418 473 1473 metu
488 1417 625 1492 cogente
641 1406 801 1471 silentium
819 1416 918 1471 tenet.
942 1417 1011 1470 tum
1026 1406 1141 1473 Tullus
1159 1409 1274 1488 „Metti

142 1495 271 1560 Fufeti“
296 1496 409 1581 inquit,
444 1497 491 1575 ,si
523 1494 593 1579 ipse
626 1493 753 1557 discere
784 1514 899 1578 posses
932 1492 1030 1557 fidem
1065 1517 1104 1558 ac
1137 1494 1276 1560 foedera

141 1603 281 1664 servare,
314 1583 390 1646 vivo
414 1580 473 1645 tibi
496 1603 535 1644 ea
559 1578 727 1665 disciplina
749 1601 769 1643 a
792 1601 843 1642 ms
871 1578 1019 1643 adhibita
1042 1590 1141 1664 esset3
1174 1603 1273 1665 nunc,

163 1669 292 1732 uoniam
317 1677 409 1730 tuum
432 1665 610 1730 insanabile
634 1667 798 1749 ingenium
822 1674 881 1746 est,
913 1674 948 1729 at
970 1675 1005 1729 tu
1028 1675 1084 1731 tuo
1109 1666 1274 1767 supplicio

141 1691 224 1818 doce
246 1754 423 1817 humanum
446 1773 549 1836 genus
573 1775 612 1817 ea
634 1762 747 1816 sancta
770 1751 914 1833 credere,
962 1774 1023 1816 uae
1045 1762 1119 1817 ate
1149 1754 1274 1818 vlolata

140 1848 224 1904 sunt.
247 1849 284 1903 ut
306 1841 403 1923 igitur
425 1838 523 1924 paulo
547 1848 625 1902 ante
658 1840 798 1901 animum
829 1838 915 1901 inter
935 1775 1131 1903 dideratem
1153 1838 1273 1904 Roma·

139 1948 280 2012 namque
317 1947 386 1988 rem
420 1925 594 2010 ancipitem
626 1924 766 2008 gessisti,
805 1925 850 1987 ita
887 1925 951 1987 iam
991 1945 1111 2008 corpus
1147 1927 1272 2011 passim

89 2025 123 2074 10
141 2011 388 2077 distrahendum
412 2011 536 2074 dabis-‘⁴
577 2010 696 2075 exinde
732 2010 859 2074 duabus
883 2010 1024 2074 admotis
1048 2011 1216 2110 quadrigis
1238 2013 1273 2077 in

140 2120 253 2163 currus
277 2119 388 2162 earum
412 2097 588 2161 distentum
608 2095 722 2180 inligat
736 2096 899 2179 Mettium,
923 2097 1041 2160 deinde
1057 2120 1090 2161 m
1106 2098 1273 2163 diversum

139 2186 201 2249 iter
225 2185 300 2270 equi
323 2184 472 2247 concitati
503 2181 647 2246 lacerum
678 2184 710 2244 in
742 2191 882 2268 utroque
914 2205 1012 2247 curru
1044 2205 1173 2269 corpus,
1206 2207 1272 2271 qua

91 2285 123 2333 11
138 2270 346 2335 inhaeserant
368 2268 504 2334 vinculis
531 2268 684 2348 membra,
709 2278 884 2354 portantes.
919 2280 1068 2333 avertere
1092 2292 1205 2336 omnes
1228 2271 1270 2335 ab

138 2366 228 2421 tanta
249 2356 407 2421 foeditate
430 2355 608 2441 spectaculi
632 2353 754 2418 oculos.
803 2355 919 2417 simum
942 2354 1158 2442 ultimumque
1190 2354 1273 2421 illud

140 2442 334 2530 supplicium
356 2442 443 2528 apud
467 2441 631 2506 Romanos
655 2377 800 2526 exempli
825 2463 940 2526 parum
973 2445 1127 2507 memoris
1161 2442 1271 2526 legum

139 2530 355 2594 humanarum
377 2528 452 2610 fuit3
475 2529 508 2592 in
531 2527 602 2592 aliis
626 2525 759 2612 gloriari
774 2526 853 2590 licet
866 2525 947 2615 nulli
962 2529 1107 2610 gentium
1125 2529 1272 2596 mitiores

140 2614 301 2702 placuisse
324 2637 458 2698 poenas.

46 2747 85 2786 Q
103 2717 117 2765 1
241 2701 369 2764 XXIX.
393 2700 482 2765 Inter
505 2700 587 2764 haec
609 2700 673 2762 iam
697 2699 868 2782 praemissi
883 2696 1004 2762 Albam
1022 2709 1114 2764 erant
1129 2702 1271 2788 equites,

19 2852 40 2875 Α,
141 2787 196 2874 qui
211 2786 450 2851 multitudinem
466 2787 677 2849 traducerent
691 2784 839 2849 Romam.
856 2784 1002 2866 legiones
1019 2785 1136 2849 deinde
1153 2789 1271 2852 ductae

19 2890 34 2941 ,’
107 2873 182 2938 aad
207 2873 399 2938 diruendam
422 2872 550 2936 urbem.
591 2893 675 2957 quae
697 2870 754 2934 ubi
777 2871 941 2934 intravere
963 2881 1087 2957 portas,
1110 2894 1176 2936 non
1201 2876 1271 2961 qui·

141 2960 215 3024 dem
250 2960 310 3023 fuit
344 2955 501 3023 tumultus
535 2956 590 3021 ille
621 2979 682 3022 nec
716 2979 831 3041 pavor,
869 2955 973 3042 qualis
1007 2968 1174 3044 captarum
1199 2982 1272 3025 esse

140 3046 268 3110 urbium
293 3043 386 3125 solet,
410 3067 483 3108 cum
508 3043 647 3108 effractis
670 3044 773 3129 portis
797 3045 947 3108 stratisve
972 3046 1073 3109 ariete
1098 3047 1197 3110 muris
1214 3056 1272 3111 aut

140 3154 216 3197 arce
238 3133 271 3195 vi
294 3141 390 3216 capta
413 3130 536 3195 clamor
559 3129 684 3194 hostilis
717 3138 750 3192 et
781 3152 894 3193 cursus
928 3152 988 3215 per
1019 3131 1136 3195 urbem
1167 3154 1271 3196 arma-

104 3237 120 3284 3
139 3228 246 3282 torum
264 3219 373 3283 omnia
387 3217 475 3281 ferro
498 3216 696 3303 flammaque
712 3216 842 3297 miscet;
866 3215 925 3279 sed
941 3215 1107 3281 silentium
1123 3218 1215 3283 triste
1232 3241 1273 3283 ac

139 3307 241 3369 tacita
263 3303 424 3370 maestitia
445 3305 491 3368 ita
518 3303 632 3375 defixit
664 3303 805 3365 omnium
837 3303 970 3382 animos,
1002 3312 1038 3367 ut
1069 3325 1149 3388 prae
1183 3315 1274 3370 metu

141 3390 243 3471 obliti,
269 3392 347 3477 quid
370 3391 600 3477 relinquerent,
625 3390 701 3476 quid
725 3411 835 3452 secum
852 3388 985 3470 ferrent,
1010 3389 1181 3454 deficiente
1198 3412 1272 3456 con·

140 3477 211 3543 silio
235 3479 480 3562 rogitantesque
504 3475 557 3540 alii
581 3474 662 3539 alios
685 3496 770 3538 nunc
793 3476 825 3537 in
848 3473 1012 3539 liminibus
1036 3485 1171 3558 starent,
1186 3498 1273 3542 nuno

141 3563 316 3628 errabundi
349 3564 461 3627 domos
494 3585 569 3627 suas
600 3560 749 3626 ultimum
777 3559 857 3624 illud
880 3561 981 3624 visuri
1003 3571 1274 3647 pervagarentur.

106 3658 177 3717 sut
198 3672 277 3714 vero
301 3651 365 3712 iam
390 3651 534 3735 equitum
559 3647 680 3712 clamor
703 3648 793 3711 exire
817 3645 997 3711 iubentium
1020 3649 1173 3731 instabat,
1204 3651 1273 3714 iam

139 3736 251 3819 fragor
272 3745 444 3818 tectorum,
478 3757 562 3821 quae
586 3732 808 3814 diruebantur,
843 3732 965 3797 ultimis
997 3733 1087 3798 urbis
1121 3735 1271 3822 partibus

141 3821 344 3897 audiebatur,
369 3821 542 3907 pulvisque
567 3843 608 3884 ex
636 3819 831 3883 distantibus
854 3817 933 3882 locis
957 3830 1046 3884 ortus
1069 3820 1160 3885 velut
1184 3822 1276 3888 nube
