2738 4146
362 141 471 192 LIBER
487 142 561 194 XXI.
589 142 665 196 cAP.
684 145 726 195 31.
745 145 786 195 32.
804 142 840 213 [a.
860 144 892 195 U.
910 163 935 196 c.
952 144 1023 214 636].
1225 134 1286 192 131

364 239 370 273 s

87 317 200 380 amnis
222 313 320 398 longe
343 316 486 378 omnium
502 312 639 379 Galliae
669 315 838 380 fluminum
869 316 1076 382 difficillimus
1099 320 1237 384 transitu

91 411 161 466 est:
185 423 272 480 nam,
298 421 371 463 cum
391 422 497 487 aquae
512 402 579 465 vim
593 401 693 467 vehat
707 403 882 485 ingentem,
898 425 964 466 non
980 415 1089 468 tamen
1103 407 1236 470 navium

93 489 309 573 patiensest,
332 487 410 572 quia
431 484 527 551 nullis
552 489 713 552 coercitus
737 489 828 574 ripis,
851 487 999 574 pluribus
1016 490 1112 554 simul
1127 513 1235 577 neque
1255 510 1285 559 11

91 575 215 638 iisdem
238 572 339 639 alveis
362 571 476 653 fluens,
500 595 586 638 nova
602 596 733 658 semper
752 575 839 638 vada
860 597 1029 661 novosque
1045 579 1147 660 gignit
1160 600 1234 662 gur·

89 662 192 745 gites.
227 667 260 723 et
294 657 336 722 ob
360 661 476 723 eadem
498 659 603 744 pediti
627 681 758 746 quoque
780 661 905 724 incerta
927 663 981 725 via
1004 673 1067 742 est;
1099 662 1141 726 ad
1173 664 1235 728 hoc

95 767 180 810 saxa
203 743 352 828 glareosa
373 743 521 825 volvens,
552 745 633 807 nihil
666 745 783 811 stabile
814 769 876 811 nec
902 758 1007 811 tutum
1039 749 1235 833 ingredienti

93 830 247 918 praebet.
287 840 320 894 et
356 838 424 895 tum
461 830 546 896 forte
582 830 742 896 imbribus
779 843 895 896 auctus
932 835 1095 918 ingentem
1132 844 1287 904 trans-12
1351 881 1356 888 -

90 916 325 1002 gradientibus
347 914 521 981 tumultum
545 917 632 999 fecit,
656 939 730 981 cum
759 940 860 1004 super
883 927 993 983 cetera
1014 919 1234 1005 trepidatione

92 1004 161 1089 ipsi
185 1024 245 1066 sua
267 1012 364 1088 atque
387 1003 519 1066 incertis
543 1002 740 1068 clamoribus
764 1005 983 1069 turbarentur.

201 1088 347 1152 XXXII.
380 1088 416 1151 P.
442 1087 613 1153 Cornelius
645 1088 757 1153 consul
788 1091 897 1155 triduo
925 1091 995 1154 fere
1017 1087 1103 1177 post,
1136 1103 1268 1178 quamr

94 1174 266 1238 Hannibal
289 1196 309 1236 a
330 1176 402 1258 ripa
423 1174 572 1239 Rhodani
593 1177 704 1256 movit,
729 1177 889 1260 quadrato
912 1179 1041 1261 agmine
1064 1178 1106 1240 ad
1126 1188 1235 1242 castra

79 1261 242 1324 bostium
266 1269 410 1341 venerat,
433 1259 556 1325 nullam
580 1261 755 1324 dimicandi
777 1285 901 1326 moram
916 1263 1071 1328 facturus.
1088 1275 1270 1328 ceteruma

90 1346 154 1410 ubi
178 1346 309 1410 deserta
330 1348 529 1410 munimenta
550 1369 612 1411 nec
634 1346 730 1411 facile
753 1370 788 1412 se
809 1358 935 1413 tantum
959 1371 1152 1435 progressos
1175 1350 1231 1413 ad·

89 1441 288 1497 secuturum
311 1433 410 1512 videt,
435 1433 477 1495 ad
500 1455 590 1498 mare
613 1455 651 1496 ac
673 1455 773 1498 naves
796 1434 901 1511 rediit,
925 1436 1024 1500 tutius
1040 1436 1233 1522 faciliusque

91 1520 142 1582 ita
168 1517 378 1582 descendenti
400 1518 441 1582 ab
465 1517 606 1603 Alpibus
630 1518 808 1583 Hannibali
831 1520 1037 1586 occursurus.
1060 1544 1101 1586 ne
1125 1533 1233 1587 tamen
1253 1533 1269 1581 3

91 1604 189 1669 nuda
219 1603 347 1667 auxiliis
377 1603 532 1668 Romanis
563 1605 721 1689 Hispania
760 1614 856 1687 esset,
895 1629 992 1692 quam
1030 1610 1233 1692 provinciam

91 1692 231 1755 sortitus
264 1699 343 1768 erat,
376 1688 435 1754 Gn.
469 1690 652 1777 Scipionem
688 1691 822 1756 fratrem
860 1714 934 1755 cum
966 1695 1108 1757 maxima
1140 1705 1270 1778 partes

88 1776 267 1862 copiarum
289 1776 447 1840 adversus
470 1775 715 1841 Hasdrubalem
737 1779 825 1841 misit
850 1800 916 1842 non
939 1779 980 1842 ad
1003 1780 1141 1844 tuendos
1163 1789 1232 1843 tan·

91 1862 267 1927 tummodo
298 1871 427 1926 veteres
459 1864 565 1927 socios
598 1861 882 1949 conciliandosque
905 1885 1018 1944 novos,
1052 1865 1230 1930 sedetiam

88 1949 139 2012 ad
163 1946 351 2033 pellendum
372 1947 533 2034 Hispania
554 1947 807 2014 Hasdrubalem.
845 1952 916 2036 ipse
950 1974 1023 2014 cum
1056 1952 1267 2016 admodums

93 2035 226 2118 exiguis
250 2055 289 2097 co
314 2035 352 2096 iis
377 2033 525 2098 Genuam
552 2036 682 2122 repetit,
715 2058 765 2118 eo,
799 2040 854 2123 qui
885 2038 972 2100 circa
1003 2037 1130 2102 Padum
1162 2048 1233 2102 crat

88 2120 271 2201 exercitus,
290 2057 420 2184 ltaliam
444 2120 646 2185 defensurus.

202 2204 367 2269 Hannibal
396 2206 438 2270 ab
469 2205 631 2271 Druentia
662 2207 835 2291 campestri
866 2209 1008 2273 maxime
1040 2210 1155 2272 itinere
1189 2209 1269 2275 ado

93 2291 201 2376 Alpes
224 2314 299 2357 cum
321 2291 408 2355 bona
422 2314 504 2376 pace
519 2292 730 2357 incolentium
746 2314 785 2357 ea
799 2291 871 2357 loca
887 2294 1057 2359 Gallorum
1073 2297 1230 2379 pervenit.

87 2389 175 2454 tum,
201 2399 398 2464 quamquam
420 2379 507 2442 fama
528 2379 629 2463 prius,
653 2401 717 2465 qua
739 2380 862 2442 incerta
884 2382 917 2442 in
939 2382 1044 2443 maius
1059 2403 1138 2444 vero
1154 2381 1232 2445 ferri
1251 2400 1266 2448 7

88 2462 213 2544 solent,
235 2474 414 2548 praecepta
435 2486 487 2527 res
504 2475 583 2546 erat,
607 2475 716 2528 tamen
732 2487 774 2528 ex
788 2466 971 2552 propinquo
987 2467 1058 2530 visa
1073 2468 1230 2529 montium

87 2549 232 2613 altitudo
257 2550 416 2635 nivesque
438 2549 528 2614 caelo
552 2573 654 2636 prope
677 2552 853 2632 immixtae,
890 2561 978 2615 tecta
1008 2551 1157 2615 informia
1183 2554 1230 2616 in·

93 2636 206 2720 posita
227 2636 375 2721 rupibus,
398 2656 520 2721 pecora
540 2637 749 2722 iumentaque
771 2637 902 2722 torpida
923 2637 1054 2721 frigore,
1082 2636 1230 2703 homines

89 2721 215 2786 intonsi
239 2731 272 2786 et
292 2721 415 2803 inculti,
438 2721 591 2785 animalia
612 2723 816 2808 inanimaque
840 2724 949 2788 omnia
970 2724 1108 2807 rigentia
1142 2724 1228 2809 gelu,

87 2817 207 2872 cetera
242 2806 316 2871 visu
354 2829 451 2894 quam
496 2809 586 2872 dictu
627 2808 783 2892 foediora,
821 2817 981 2874 terrorem
1018 2821 1227 2881 renovarunt.

89 2894 299 2979 erigentibus
322 2893 355 2957 in
378 2894 499 2978 primos
522 2915 639 2977 agmen
663 2893 764 2959 clivos
786 2904 1011 2981 apparuerunt
1024 2897 1228 2961 imminentes
1250 2905 1267 2953 8

94 2978 239 3044 tumulos
258 2980 440 3044 insidentes
463 2981 618 3062 montani,
652 2981 717 3066 qui,
751 2981 778 3045 si
803 2981 906 3046 valles
930 2980 1125 3046 occultiores
1147 2985 1228 3047 inse-

95 3067 230 3146 dissent,
254 3068 357 3132 coorti
380 3066 421 3129 ad
445 3087 589 3151 pugnam
612 3076 746 3150 repente
768 3068 930 3150 ingentem
946 3067 1057 3150 fugam
1074 3078 1228 3151 stragem·

87 3175 160 3239 qne
192 3152 368 3216 dedissent.
408 3152 572 3216 Hannibal
606 3154 783 3217 consistere
814 3153 906 3237 signa
936 3155 1030 3217 iussit
1058 3152 1265 3239 Gallisquea

93 3240 136 3304 ad
159 3239 296 3303 visenda
317 3237 391 3303 loca
413 3238 610 3323 praemissis,
634 3250 805 3322 postquam
823 3240 983 3323 comperit
997 3241 1166 3303 transitum
1190 3262 1230 3304 ea

93 3346 159 3390 non
183 3347 265 3406 esse,
289 3334 395 3388 castra
416 3326 502 3388 inter
525 3324 717 3407 confragosa
741 3327 848 3395 omnia
871 3335 1113 3410 praeruptaque
1130 3348 1227 3410 quam

87 3410 319 3476 extentissima
349 3418 459 3495 potest
490 3409 576 3474 valle
609 3409 704 3474 locat.
743 3418 812 3474 tum
850 3433 910 3496 per
947 3411 1079 3475 eosdem
1113 3410 1227 3476 Gallos
1248 3425 1282 3474 10

91 3497 184 3560 baud
203 3498 285 3561 sane
308 3495 444 3560 multum
467 3495 578 3581 lingua
601 3496 810 3584 moribusque
838 3496 1061 3579 abhorrentes,
1094 3519 1168 3561 cum
1192 3521 1227 3562 se

91 3583 345 3647 immiscuissent
388 3581 569 3667 conloquiis
614 3591 851 3664 montanorum,
903 3583 1039 3647 edoctus
1085 3584 1227 3648 interdiu

89 3678 218 3734 tantum
242 3667 385 3732 obsideri
409 3666 536 3742 saltum,
560 3678 657 3732 nocte
680 3671 711 3732 in
734 3691 794 3732 sua
817 3691 981 3753 quemque
1004 3668 1104 3732 dilabi
1128 3678 1225 3753 tecta,

92 3755 166 3820 luce
188 3755 294 3840 prima
317 3755 417 3818 subiit
439 3753 592 3837 tumulos,
615 3764 651 3817 ut
673 3777 716 3818 ex
738 3765 850 3842 aperto
874 3764 972 3839 atque
995 3754 1137 3819 interdiu
1158 3757 1226 3820 vim

88 3864 153 3928 per
184 3841 348 3924 angustias
380 3840 533 3904 facturus.
574 3839 626 3903 die
658 3839 776 3905 deinde
799 3840 980 3905 simulando
1004 3839 1103 3924 aliud,
1128 3859 1276 3927 quamn

1152 3939 1192 3989 qis
