2738 4146
90 139 130 198 38
379 152 488 202 tunna
505 153 526 202 1.
546 152 621 203 car.
640 155 682 204 43.
702 151 734 220 [a
752 152 785 202 n.
805 167 827 202 a.
848 149 1001 218 1ro-aaoJ.

106 340 122 391 1
243 322 367 387 XLHI.
393 323 446 388 Ex
467 324 517 405 iis,
550 324 605 410 qui
627 334 756 388 centum
780 321 905 386 milium
929 321 1013 384 aeris
1036 328 1092 384 aut
1114 319 1274 383 maiorem

142 430 274 474 censum
301 409 470 491 baberent,
498 411 661 492 octoginta
684 409 823 473 confecit
846 408 1017 490 centurias,
1036 404 1272 493 quadragenas

107 495 302 562 aseniorum
347 517 387 559 ac
424 497 599 577 iuniorum3
643 497 750 582 prima
791 493 904 559 classis
947 515 1060 558 omnes
1097 490 1274 577 appellati;

142 582 285 645 seniores
317 581 358 644 ad
382 582 473 645 urbis
497 581 679 645 custodiam
710 592 747 646 ut
769 590 899 666 praesto
925 589 1042 660 assent,
1074 578 1209 642 iuvenes
1234 587 1274 642 ut

140 666 220 731 foris
253 664 339 731 bella
371 677 532 751 gererent.
570 690 662 732 arma
695 668 745 732 his
782 668 942 753 imperata
978 663 1081 749 galea,
1114 663 1272 749 clipeum,

142 774 270 835 ocreae,
292 751 404 834 lorica,
429 754 537 818 omnia
560 776 602 817 ex
625 775 711 836 aere,
734 753 826 836 haec,
848 761 885 817 ut
907 760 1095 836 tegumenta
1118 750 1271 835 corporis

105 847 264 921 aessent;
296 837 361 902 tela
391 841 423 902 in
451 839 576 903 hostem
608 839 767 926 hastaque
799 847 833 903 et
861 837 998 922 gladius.
1031 836 1161 900 additae
1192 834 1271 900 huic

142 922 236 989 classi
268 924 352 988 duae
385 925 514 989 fabrum
546 927 720 1007 centuriae,
754 946 838 1012 quae
870 926 939 988 sine
971 924 1068 986 armis
1084 971 1086 976 ι
1102 920 1270 1006 stipendia

142 1010 299 1093 facerent3
338 1011 449 1074 datum
486 1034 612 1093 munus,
649 1020 686 1076 ut
721 1010 886 1074 machinas
923 1012 956 1073 in
988 1008 1073 1073 ballo
1110 1008 1269 1071 facerent.

105 1117 122 1165 4
142 1096 286 1160 secunda
308 1095 420 1160 classis
450 1097 536 1161 intra
558 1107 688 1161 centum
714 1118 819 1183 usque
842 1096 884 1160 ad
907 1097 1049 1182 quinque
1082 1097 1269 1178 et'septua·

141 1183 231 1266 ginta
253 1180 375 1245 milium
399 1205 533 1246 censum
554 1183 709 1264 instituta,
739 1193 772 1246 et
794 1204 835 1246 ex
857 1183 906 1263 iis,
930 1180 1112 1245 senioribus
1134 1179 1268 1242 iuniori·

141 1268 279 1354 busque,
301 1269 415 1352 viginti
437 1269 640 1354 conscriptae
656 1269 829 1333 centuriae.
853 1290 943 1332 arma
957 1269 1117 1352 imperata
1138 1275 1268 1329 scutum

106 1375 200 1440 apro
221 1353 338 1439 clipeo,
362 1363 394 1417 et
416 1364 547 1439 praeter
568 1355 701 1418 loricam
729 1355 835 1418 omnia
857 1354 983 1418 eadem.
1015 1353 1129 1416 tertiae
1152 1349 1268 1416 classis

141 1440 375 1527 quinquaginta
396 1439 518 1503 milium
542 1462 675 1504 censum
698 1455 769 1504 esse
791 1439 908 1521 voluit;
941 1438 1074 1503 totidem
1099 1438 1268 1502 centuriae

141 1535 174 1591 et
196 1525 259 1590 hae
282 1525 464 1612 eodemque
487 1526 669 1591 discrimine
693 1526 846 1590 aetatium
869 1526 983 1589 factae.
1017 1546 1078 1588 nec
1102 1523 1143 1586 de
1166 1524 1267 1587 armis
1306 1600 1310 1606 Ι

106 1611 314 1697 equiequam
344 1621 513 1692 mutatum,
552 1634 667 1676 ocreae
702 1620 827 1676 tantum
859 1612 1041 1697 ademptae.
1078 1609 1111 1673 in
1148 1619 1267 1693 quarta

143 1697 247 1762 classe
271 1719 385 1762 census
409 1699 551 1784 quinque
574 1708 607 1763 et
628 1698 742 1782 viginti
764 1697 900 1779 milium;
931 1697 1067 1760 totidem
1097 1695 1266 1760 centuriae

67 1784 69 1788 ⁴
140 1782 252 1847 factae.
276 1805 367 1847 arma
382 1794 520 1847 mutata:
543 1783 625 1848 nihil
639 1795 772 1870 praeter
786 1783 912 1847 hastam
928 1793 960 1846 et
974 1791 1125 1847 verutum
1141 1780 1263 1844 datum.

106 1870 253 2016 tquinta
275 1868 385 1932 classis
409 1880 518 1950 aucta,
550 1870 713 1934 centuriae
744 1870 875 1953 triginta
897 1870 1010 1932 factae.
1042 1866 1158 1930 fundas
1181 1864 1264 1952 lapi-

162 1977 262 2040 esque
290 1954 428 2020 missiles
460 1953 493 2017 hi
518 1977 629 2019 secum
660 1955 826 2040 gerebant.
860 1955 910 2018 his
933 1954 1061 2018 accensi
1084 1952 1265 2016 cornicines

139 2039 374 2126 tubicinesque,
405 2041 438 2103 in
467 2041 547 2105 duas
571 2042 730 2106 centurias
754 2041 926 2105 distributi.
959 2040 1110 2104 undecim
1132 2037 1265 2102 milibus

104 2136 120 2185 8
138 2125 221 2204 haec
237 2125 348 2190 classis
372 2126 575 2191 censebatur.
600 2127 662 2191 hoc
677 2129 783 2191 minor
805 2149 920 2191 census
936 2125 1095 2213 reliquam
1118 2122 1264 2187 multitu·

137 2211 247 2275 dinem
269 2210 396 2291 habuit,
428 2212 504 2276 inda
527 2235 592 2276 una
614 2214 758 2278 centuria
784 2212 871 2276 facta
894 2223 943 2277 est
964 2212 1114 2276 immunis
1137 2207 1263 2274 militia.

136 2297 184 2361 ita
205 2297 351 2383 pedestri
367 2300 513 2362 exercitu
528 2309 640 2363 ornato
658 2298 894 2385 distributoque
911 2300 1054 2385 equitum
1078 2320 1120 2361 ex
1142 2297 1263 2381 primo·

103 2382 227 2447 aribus
255 2383 395 2447 civitatis
427 2382 600 2448 duodecim
633 2386 764 2470 scripsit
791 2385 961 2450 centurias.
993 2408 1052 2448 sex
1081 2385 1158 2448 item
1182 2381 1264 2446 alias

137 2469 309 2543 centurias,
342 2469 446 2534 tribus
474 2469 516 2534 ab
539 2471 677 2535 Romulo
701 2471 865 2552 institutis,
899 2471 959 2534 sub
983 2469 1109 2548 iisdem,
1142 2467 1263 2555 quibus

136 2555 348 2639 inauguratae
372 2565 472 2636 erant,
497 2555 680 2621 nominibus
695 2557 782 2621 fecit.
806 2557 847 2620 ad
872 2578 974 2643 equos
998 2555 1153 2620 emendos
1176 2554 1264 2619 dena
1302 2600 1304 2605 -

135 2639 224 2703 milia
246 2642 330 2705 aeris
354 2663 396 2705 ex
411 2641 541 2727 publico
560 2641 645 2724 data,
669 2652 711 2724 et,
735 2642 852 2728 quibus
868 2664 968 2727 equos
985 2641 1118 2722 alerent,
1140 2639 1262 2704 viduae

135 2726 320 2805 attributae,
344 2749 428 2813 quae
444 2727 521 2790 bina
536 2727 624 2790 milia
640 2731 723 2792 aeris
739 2729 772 2791 in
789 2750 888 2791 ancos
905 2728 1047 2812 singulos
1070 2726 1260 2812 penderent.

95 2824 106 2871 1
159 2833 216 2876 aec
239 2814 346 2876 omnia
378 2814 410 2874 in
435 2813 517 2877 dites
540 2836 560 2876 a
591 2813 789 2899 pauperibus
820 2814 972 2878 inclinata
1000 2835 1109 2878 onera.
1141 2811 1262 2875 deinde

136 2906 185 2962 est
207 2897 309 2961 honos
333 2898 477 2980 additus;
501 2921 565 2962 non
589 2901 683 2976 enim,
706 2910 743 2962 ut
765 2899 805 2963 ab
821 2899 960 2964 Romulo
983 2900 1138 2962 traditum
1159 2898 1261 2962 ceteri

136 2993 346 3048 servaverant
376 3006 481 3067 reges,
512 2984 631 3048 viritim
666 2986 853 3070 suffragium
885 2986 1000 3050 eadem
1022 2987 1055 3048 vi
1078 2985 1261 3067 eodemque

135 3070 205 3134 iure
229 3071 414 3154 promiscue
448 3071 598 3135 omnibus
631 3072 741 3135 datum
774 3081 831 3147 est,
865 3073 921 3135 sed
955 3071 1075 3156 gradus
1102 3071 1190 3144 sacti,
1223 3079 1262 3133 ut

134 3176 241 3241 neque
266 3154 415 3219 exclusus
439 3158 609 3243 quisquam
634 3157 787 3238 suffragio
810 3158 986 3237 videretur,
1019 3170 1052 3222 et
1081 3159 1131 3222 vis
1154 3155 1261 3221 omnis

93 3254 124 3302 11
135 3262 235 3325 penes
246 3243 404 3328 primores
416 3241 556 3307 civitatis
573 3255 668 3307 esset.
686 3244 811 3329 equites
828 3245 913 3308 enim
922 3243 1125 3309 vocabantur
1146 3242 1260 3328 primi,

135 3328 300 3411 octoginta
321 3327 397 3392 inde
412 3329 538 3413 primae
561 3327 673 3393 classis
690 3331 854 3393 centuriae
870 3330 1017 3416 peditum
1039 3328 1259 3409 vocabantur3

131 3410 179 3476 -ibi
214 3413 241 3475 si
272 3414 423 3495 variaret,
458 3414 544 3501 quod
575 3437 649 3478 raro
681 3415 857 3493 incidebat,
889 3426 926 3480 ut
957 3416 1117 3480 secundae
1145 3413 1261 3478 classis

132 3508 339 3562 vocarentur.
363 3521 423 3563 nec
444 3500 512 3564 fere
535 3523 689 3587 umquam
712 3501 795 3565 infra
817 3503 863 3565 ita
886 3502 1133 3581 descenderunt,
1156 3510 1193 3563 ut
1215 3500 1258 3563 ad

1 3620 3 3633 ι
91 3583 259 3649 tainfimos
281 3586 500 3669 pervenirent.
538 3609 599 3652 nec
620 3588 730 3650 mirari
754 3596 883 3673 oportet
904 3588 991 3652 hunc
1014 3588 1169 3660 ordinem,
1202 3587 1259 3671 qui

131 3690 219 3734 nunc
243 3679 292 3733 est
314 3679 389 3756 post
413 3671 560 3757 expletas
585 3674 727 3758 quinque
754 3683 788 3737 et
809 3675 941 3758 triginta
963 3675 1067 3738 tribus
1091 3671 1260 3759 duplicato

133 3777 245 3819 earum
259 3778 394 3820 numero
412 3759 566 3822 centuriis
581 3759 743 3824 iuniorum
759 3760 997 3847 seniorumque,
1021 3760 1062 3823 ad
1078 3760 1257 3824 institutam

81 3841 169 3904 raab
192 3841 311 3906 Servio
328 3841 434 3908 'l'ullio
458 3866 618 3909 summam
640 3867 704 3910 non
721 3847 902 3911 convenire.
927 3846 1157 3934 quadrifariam
1172 3843 1259 3908 enim
