2738 4146
332 122 443 171 ninus
460 124 496 172 11.
518 122 594 172 one.
616 125 658 173 aa.
677 125 718 172 aa.
738 121 772 190 [a.
791 124 824 175 u.
843 139 866 173 ο.
884 121 1041 192 ara-2741.
1236 110 1275 168 89

93 293 261 378 caelestia,
277 315 382 380 prope
397 294 575 359 cotidianas
590 294 622 356 in
638 293 719 358 urbe
736 296 887 379 agrisque
899 295 1093 357 ostentantia
1107 295 1226 375 minas3

90 383 246 468 motique
276 382 322 444 ita
349 381 488 443 nmninis
517 402 648 443 causam
675 379 797 444 nullam
825 380 921 442 aliam
947 392 1038 443 vates
1066 379 1227 444 canebant

94 467 230 554 publice
262 466 480 552 privatimque
515 488 600 530 nunc
637 467 721 530 extis
752 487 837 530 nunc
870 487 932 551 per
969 489 1045 529 aves
1078 465 1226 550 consulti,

91 576 195 641 quam
219 552 306 615 haud
330 553 391 616 rite
414 575 506 615 sacra
528 552 609 614 fieri.
634 553 689 637 qui
710 563 853 615 terrores
877 562 985 614 tamen
1014 573 1052 615 eo
1082 573 1225 635 evasere,
1245 567 1273 614 11

95 650 133 704 ut
157 638 266 722 Oppia
289 639 381 719 virgo
404 637 548 701 Vestalis
573 638 727 701 damnata
749 660 870 720 poenas
894 637 1031 700 dederit.

200 723 323 788 XLIII.
349 721 387 801 Q.
411 723 533 787 Fabius
555 724 631 786 inde
654 734 687 787 et
710 721 747 787 (l.
770 722 872 786 Iulius
900 724 1051 788 consules
1077 722 1163 787 facti.
1188 745 1226 788 eo
1247 741 1259 788 1

91 832 181 875 anno
209 831 274 873 non
302 810 432 893 segnior
459 809 622 874 discordia
649 809 736 872 domi
763 821 796 872 et
826 807 949 873 bellum
976 810 1055 872 foris
1087 811 1227 873 atrocius

89 897 164 961 fuit.
190 896 231 959 ab
253 893 379 982 Aequis
402 917 493 959 arma
515 905 658 981 sumpta;
685 894 841 959 Veientes
866 916 979 976 agrum
1008 916 1140 981 quoque
1162 895 1226 960 Ro·

95 1004 268 1046 manorum
297 979 491 1067 populantes
518 983 667 1045 inierunt.
705 1002 843 1066 quorum
870 979 1030 1045 bellorum
1059 991 1227 1046 crescente

91 1090 177 1132 cura
199 1066 305 1132 Caeso
328 1066 451 1131 Fabius
475 1078 507 1130 et
529 1067 584 1154 Sp.
608 1066 727 1130 Furius
756 1065 905 1130 consules
933 1065 1025 1130 fiunt.
1058 1065 1225 1151 Ortonam,
1264 1141 1266 1144 g

95 1154 249 1217 Latinam
279 1152 405 1235 urbem,
436 1152 545 1238 Aequi
577 1151 825 1238 oppugnabant3
856 1152 1011 1216 Veientes
1042 1151 1130 1238 pleni
1163 1154 1263 1217 iamt

93 1239 341 1324 populationum
369 1239 507 1303 Romam
532 1240 637 1324 ipsam
670 1261 705 1303 se
738 1248 982 1323 oppugnaturos
1009 1237 1224 1303 minabantur.

91 1326 153 1412 qui
175 1336 316 1389 terrores
339 1348 413 1389 cum
436 1347 633 1409 conpescere
657 1325 825 1406 deberent,
854 1346 975 1388 auxere
998 1325 1133 1409 insuper
1155 1326 1221 1388 ani·
1249 1330 1264 1378 ³

96 1434 170 1475 mos
194 1409 316 1494 plebis3
346 1408 542 1496 redibatque
569 1433 633 1474 non
657 1432 715 1473 sua
743 1421 857 1495 sponte
884 1409 974 1495 plebi
1001 1432 1072 1474 mos
1102 1410 1225 1474 detrae-

97 1497 191 1560 tandi
223 1495 381 1580 militiam,
419 1496 477 1560 sed
509 1495 565 1581 Sp.
597 1496 741 1560 Licinius
772 1496 918 1560 tribunus
949 1495 1066 1582 plebis,
1098 1497 1226 1561 venisse

90 1593 227 1668 ’tempus
250 1593 339 1646 ratus
362 1603 422 1667 per
442 1582 589 1646 ultimam
611 1583 837 1646 necessitatem
859 1580 940 1666 legis
956 1584 1104 1666 agrariae
1126 1584 1226 1667 patri-

90 1668 159 1733 bus
187 1669 415 1752 iniungendae‚
448 1678 636 1753 susceperat
667 1690 737 1732 rem
768 1667 942 1732 militarem
972 1667 1224 1752 impediendam.

89 1765 243 1820 ceterum
265 1764 335 1818 tota
356 1753 479 1817 invidia
501 1754 690 1818 tribuniciae
706 1755 876 1838 potestatis
893 1775 989 1818 versa
1010 1755 1043 1816 in
1059 1764 1226 1818 auctorem
1247 1762 1265 1811 4

92 1851 156 1924 est,
179 1841 296 1904 necin
319 1860 393 1904 eum
416 1839 564 1904 consules
587 1841 691 1904 acrius
708 1861 806 1926 quam
826 1840 927 1924 ipsius
951 1837 1105 1924 conlegae
1121 1841 1225 1903 coorti

92 1934 183 2008 aunt,
212 1924 397 2012 auxilioque
426 1947 540 1990 eorum
568 1925 720 1990 dilectum
748 1924 897 1989 consules
925 1924 1058 1989 babent.
1090 1926 1130 1988 ad
1160 1926 1224 1990 duo
1248 1935 1264 1984 ⁶

92 2009 196 2076 simul
218 2010 306 2075 bella
327 2013 490 2076 exercitus
513 2011 681 2092 scribitur3
705 2011 872 2076 ducendus
887 2011 991 2075 Fabio
1014 2011 1047 2074 in
1059 2011 1226 2094 Veientes,

90 2100 130 2161 in
153 2098 286 2182 Aequos
308 2097 407 2161 Furio
432 2097 536 2161 datur.
565 2110 598 2161 et
623 2099 654 2161 in
678 2099 800 2183 Aequis
829 2098 960 2181 quidem
986 2097 1065 2160 nihil
1094 2098 1226 2181 dignum
1247 2110 1272 2157 a·

95 2184 257 2247 memoria
271 2195 399 2267 gestum
416 2196 474 2266 est,
486 2183 587 2247 Fabio
604 2183 767 2268 aliquanto
784 2182 857 2270 plus
872 2184 994 2266 negotii
1010 2205 1084 2247 cum
1100 2182 1225 2248 civibus

91 2290 199 2354 quam
214 2291 288 2332 cum
304 2268 450 2334 hostibus
464 2269 532 2333 fuit.
560 2292 643 2333 unus
667 2268 721 2332 ille
743 2270 803 2351 vir,
826 2269 896 2352 ipse
920 2268 1043 2351 consul,
1071 2290 1140 2332 rem
1167 2289 1228 2353 pu-

89 2353 217 2419 blicam
228 2356 387 2437 sustinuit,
395 2356 658 2441 quamexercitus
668 2353 1059 2437 odiocousulis,quantum
1069 2357 1102 2417 in
1113 2377 1148 2418 se
1159 2356 1228 2437 luit,
1245 2372 1248 2377 ’

96 2439 268 2526 prodebat.
288 2463 364 2505 nam
377 2464 452 2506 cum
466 2440 577 2504 consul
595 2452 725 2526 praeter
745 2450 869 2504 ceteras
883 2441 1108 2523 imperatorias
1130 2455 1226 2521 artes,
1248 2453 1264 2501 7

91 2547 180 2610 quas
190 2527 334 2609 parando
345 2527 553 2613 gerendoque
569 2525 652 2590 bello
667 2526 769 2590 edidit
783 2525 948 2610 plurimas,
958 2527 1004 2588 ita
1020 2527 1227 2589 instruxisset

96 2612 213 2694 aciem,
236 2625 271 2676 ut
294 2611 364 2677 solo
388 2615 534 2696 equitatu
557 2614 674 2677 emisso
699 2613 877 2676 exercitum
900 2611 1041 2674 hostium
1065 2611 1226 2694 funderet,

90 2697 226 2782 insequi
255 2697 344 2761 fusos
376 2699 476 2782 pedes
509 2697 624 2778 noluit3
661 2720 722 2762 nee
748 2695 830 2779 illos,
862 2698 923 2760 etsi
949 2718 1011 2760 non
1041 2697 1263 2761 adhortatios

97 2783 195 2846 invisi
218 2782 319 2863 ducis,
343 2806 437 2848 suum
461 2784 575 2848 saltem
590 2783 747 2868 flagitium
764 2795 796 2847 et
811 2782 977 2867 publicum
992 2784 1025 2846 in
1042 2784 1228 2867 praesentia

98 2868 260 2951 dedecus,
297 2870 470 2952 postmodo
501 2869 697 2957 periculum,
736 2871 762 2933 si
795 2871 919 2933 animus
958 2869 1041 2933 hosti
1077 2870 1225 2951 redisset,

89 2976 218 3037 cogere
240 2956 344 3038 potuit
369 2956 506 3039 gradum
536 2955 720 3020 accelerare
750 2965 816 3036 aut,
851 2956 878 3017 si
905 2955 993 3018 aliud
1017 2954 1107 3037 nihil,
1140 2965 1226 3017 stare

93 3041 282 3105 instructos.
322 3042 447 3105 iniussu
483 3043 574 3125 signa
609 3041 755 3105 referunt
791 3043 971 3124 maestique
1000 3075 1045 3088 —
1074 3041 1264 3104 crederes9

97 3127 203 3190 victos
230 3162 282 3209 -,
305 3137 513 3192 exsecrantes
540 3149 625 3192 nunc
651 3128 881 3211 imperatorem
904 3148 988 3190 nunc
1010 3136 1159 3190 navatam
1184 3125 1225 3190 ab

90 3212 208 3297 equite
231 3232 374 3297 operam,
401 3215 540 3277 redeunt
565 3215 598 3276 in
626 3222 742 3277 castra.
776 3235 837 3276 nec
864 3211 938 3275 huic
965 3221 1032 3275 tam
1061 3211 1226 3296 pestilenti
1247 3230 1280 3278 10

94 3295 250 3381 exemplo
281 3299 427 3363 remedia
458 3298 525 3363 ulla
550 3299 592 3362 ab
618 3300 815 3383 imperatore
844 3299 990 3384 quaesita
1016 3308 1103 3360 sunt:
1142 3298 1224 3362 adeo

88 3381 333 3447 excellentibus
354 3385 490 3470 ingeniis
515 3386 608 3448 citius
631 3384 770 3448 defuerit
793 3406 855 3466 ars,
879 3405 943 3469 qua
966 3384 1071 3447 civem
1098 3393 1224 3466 regant,

89 3491 196 3554 quam
219 3491 283 3555 qua
305 3469 433 3536 hostem
456 3483 619 3557 superent.
644 3471 755 3535 consul
784 3469 920 3533 Romam
947 3469 1043 3533 rediit
1066 3491 1129 3531 non
1157 3482 1224 3532 tam
1247 3489 1278 3537 11

94 3552 174 3619 belli
194 3553 300 3638 gloria
322 3568 417 3621 aucta
439 3580 537 3642 quam
558 3557 686 3620 inritato
702 3555 965 3639 exacerbatoque
987 3557 1019 3617 in
1036 3577 1070 3618 se
1086 3554 1224 3618 militum

89 3640 181 3704 odio.
206 3640 373 3706 obtinuere
396 3655 504 3707 tamen
526 3653 646 3727 patres,
670 3643 759 3706 utin
782 3640 885 3704 Fabia
913 3648 1009 3719 gente
1038 3639 1224 3705 consulatus

87 3738 278 3875 pqanpreqd
288 3728 333 3794 M.
360 3728 500 3793 Fabium
526 3727 693 3793 consulem
720 3738 840 3810 creant,
867 3726 971 3790 Fabio
999 3725 1140 3808 conlega
1163 3725 1232 3789 (lu.

91 3863 95 3870 .
132 3833 173 3874 an
186 3835 236 3875 rus
283 3825 365 3880 atur.
