2738 4146
36 93 38 97 ⁷
90 119 152 178 200
339 134 446 184 arana
464 134 547 183 xxn.
568 133 642 184 cnr.
660 135 701 184 si.
720 135 762 184 ss.
782 133 815 201 [a.
834 131 866 184 u.
886 150 907 184 ο.
927 131 997 199 saal.

100 322 115 372 ι
243 304 330 369 LIV.
354 305 404 369 Eo
427 314 583 389 tempore,
606 326 670 390 quo
694 304 775 368 haec
792 303 922 370 Canusii
945 304 1137 388 agebantur,
1154 303 1260 368 Venu-

142 391 222 454 siam
244 391 284 453 ad
309 389 472 455 consulem
496 392 538 454 ad
570 400 723 476 quattuor
752 390 841 453 milia
872 400 905 454 et
935 390 1102 474 quingenti
1133 390 1261 476 pedites

141 477 341 561 equitesque,
373 477 428 562 qui
460 477 563 560 sparsi
593 476 671 559 fuga
702 498 761 561 per
791 497 886 559 agros
909 475 1046 557 fuerant,
1070 497 1261 561 pervenere.

101 568 196 625 ²eos
239 584 349 627 omnes
394 562 548 625 Venusini
591 584 650 645 per
693 561 830 624 familias
874 560 1013 645 benigne
1054 561 1261 644 accipiendos
1317 605 1318 608 η

142 648 367 733 curandosque
390 670 463 711 cum
485 648 680 724 divisissent,
702 649 733 710 in
765 645 907 730 singulos
942 648 1068 732 equites
1104 655 1199 730 togas
1231 655 1262 709 et

140 734 264 797 tunicas
296 742 328 796 et
359 734 568 818 quadrigatos
599 753 747 796 nummos
779 735 894 818 quinos
930 734 1062 797 vicenos
1095 741 1128 796 et
1161 732 1260 816 pediti

142 819 241 882 denos
265 827 297 882 et
319 839 418 896 arma,
441 819 558 904 quibus
582 819 725 900 deerant,
749 818 919 896 dederunt,
942 827 1117 902 ceteraque
1132 816 1260 901 publica

69 925 71 928 ’
98 909 113 956 3
141 926 180 967 ac
202 905 353 988 privatim
375 903 578 988 hospitaliter
610 904 705 985 facta,
738 915 971 990 certatumque,
1004 926 1047 968 ne
1077 923 1096 965 a
1127 903 1261 966 muliere

101 997 117 1043 4
142 988 303 1053 Canusina
327 988 467 1075 populus
489 990 673 1054 Venusinus
696 989 809 1053 officiis
831 991 1026 1053 vinceretur.
1049 985 1107 1054 sed
1131 989 1261 1072 gravius

142 1097 221 1139 onus
252 1075 359 1138 Busae
391 1074 563 1140 multitudo
596 1074 745 1155 faciebat,
784 1084 816 1139 et
852 1074 916 1138 iam
954 1075 995 1138 ad
1029 1074 1144 1138 decem
1176 1071 1262 1136 milia

100 1168 116 1216 ὁ
142 1161 306 1225 hominum
328 1170 428 1223 erant.
462 1161 656 1245 Appiusque
679 1171 711 1224 et
733 1159 851 1245 Scipio,
875 1169 1048 1246 postquam
1070 1157 1260 1223 incolumem

141 1268 212 1309 esse
230 1244 367 1309 alterum
384 1245 548 1309 consulem
563 1254 768 1331 acceperunt,
778 1247 927 1310 nuntium
943 1244 1106 1329 extemplo
1122 1245 1260 1325 mittunt,

141 1340 280 1417 quantae
303 1353 414 1394 secum
444 1333 591 1416 peditum
613 1333 824 1416 equitumque
841 1331 972 1415 ,copiae
1002 1339 1119 1411 essent,
1155 1330 1261 1394 scisci·

141 1428 307 1501 tatumque
346 1414 450 1498 simul,
492 1427 600 1480 utrum
621 1416 798 1481 Venusiam
841 1417 961 1481 adduci
1006 1417 1187 1481 exercitum
1223 1436 1261 1477 an

100 1512 115 1560 o
140 1524 271 1566 manere
301 1501 429 1565 iuberet
461 1500 602 1566 Canusii.
639 1501 745 1566 Varro
776 1503 846 1587 ipse
870 1500 1045 1567 Canusium
1069 1502 1179 1586 copias
1202 1510 1260 1563 tra·

141 1588 248 1658 duxit3
285 1596 318 1651 et
353 1588 416 1650 iam
453 1586 561 1672 aliqua
597 1588 723 1672 species
760 1587 936 1652 consularis
975 1586 1139 1651 exercitus
1185 1595 1262 1664 erat,

139 1673 374 1759 moenibusque
398 1697 433 1738 se
456 1685 553 1747 certe,
576 1674 637 1737 etsi
658 1695 722 1736 non
744 1674 852 1753 armis,
881 1673 922 1736 ab
951 1673 1044 1737 hoste
1066 1670 1262 1736 videbantur

141 1759 314 1823 defensuri.
1073 1812 1080 1821 „

46 1907 48 1910 .
99 1855 115 1903 t
241 1844 377 1907 Romam
406 1866 448 1906 ne
481 1844 538 1906 has
576 1844 707 1928 quidem
742 1841 896 1929 reliquias
934 1864 1105 1928 superesse
1143 1841 1261 1906 civium

120 1930 377 2014 sociorumque,
401 1929 459 1991 sed
483 1929 648 1993 occidione
671 1931 814 1992 occisum
837 1950 911 1992 cum
933 1928 1068 1991 ducibus
1085 1928 1262 1991 exercitum

101 2027 116 2075 8
142 2012 329 2099 deletasque
362 2036 472 2077 omnes
505 2015 615 2098 copias
646 2013 778 2077 allatum
809 2014 923 2078 fuerat.
960 2035 1137 2098 numquam
1172 2012 1262 2076 salsa

140 2098 223 2164 urbe
244 2109 369 2163 tantum
392 2100 521 2185 pavoris
544 2098 766 2184 tumultusque
788 2101 873 2162 intra
890 2101 1016 2164 moenia
1030 2099 1179 2163 Romana
1193 2098 1261 2161 fuit.

141 2187 250 2269 itaque
280 2183 490 2249 succumbam
522 2186 621 2266 oneri,
658 2207 764 2269 neque
797 2185 971 2268 adgrediar
1003 2205 1146 2265 narrare,
1179 2204 1262 2268 quae

99 2286 115 2333 a
140 2271 362 2335 edissertando
384 2271 509 2334 minora
541 2292 620 2334 vero
650 2270 775 2333 faciam.
814 2270 946 2334 consule
978 2272 1190 2354 exercituque
1223 2267 1262 2330 ad

139 2355 396 2420 Trasumennum
418 2357 526 2440 priore
550 2377 632 2419 anno
656 2357 774 2420 amisso
798 2377 862 2418 non
885 2355 1003 2420 vulnus
1019 2378 1118 2440 super
1134 2352 1260 2432 vulnus,

140 2443 197 2506 sed
229 2440 399 2526 multiplex
431 2440 554 2524 clades,
586 2464 659 2505 cum
698 2441 825 2505 duobus
863 2440 1049 2506 consulibus
1087 2442 1152 2504 dno
1189 2461 1260 2502 con·

142 2527 264 2592 sulares
288 2530 447 2592 exercitus
470 2528 579 2591 amissi
601 2525 840 2605 nuntiabantur,
872 2549 933 2591 nec
964 2526 1031 2591 ulla
1062 2527 1125 2591 iam
1158 2535 1262 2590 castra

87 2617 124 2664 10
141 2614 285 2676 Romana
306 2636 367 2677 nec
390 2614 506 2676 ducem
528 2635 589 2676 nec
611 2611 745 2676 militem
769 2634 854 2694 esse3
883 2611 1074 2676 Hannibalis
1096 2609 1260 2695 Apuliam,

88 2704 121 2751 11
141 2698 305 2763 Samnium
328 2721 365 2762 ac
387 2700 450 2761 iam
473 2720 575 2783 prope
598 2707 697 2761 totam
712 2696 839 2762 ltaliam
859 2697 988 2763 factam.
1011 2696 1099 2761 nulla
1114 2695 1261 2782 profecto

144 2782 207 2861 alia
228 2805 309 2866 gens
332 2793 422 2847 tanta
443 2783 528 2847 mole
551 2781 651 2847 cladis
674 2805 738 2847 non
762 2783 880 2848 obruta
901 2794 996 2848 esset.
1021 2804 1190 2866 compares
1208 2788 1263 2844 aut

142 2868 267 2932 cladem
289 2869 331 2931 ad
355 2869 499 2952 Aegates
522 2867 642 2932 insulas
666 2868 978 2952 Carthaginiensium
1001 2866 1125 2953 proelio
1155 2864 1261 2930 navali

140 2964 317 3037 acceptam,
352 2977 415 3040 qua
446 2954 538 3017 fracti
561 2953 669 3017 Sicilia
691 2977 730 3018 ac
753 2954 901 3019 Sardinia
924 2976 1061 3034 cessere,
1089 2953 1166 3016 inde
1188 2973 1261 3017 vec·

140 3039 255 3124 tigaies
286 3062 325 3103 ac
357 3040 586 3123 stipendiarios
618 3038 689 3103 fieri
720 3063 755 3104 se
786 3042 874 3126 passi
907 3052 991 3122 sunt,
1029 3048 1084 3103 aut
1121 3058 1262 3121 pugnarn

142 3127 312 3189 adversam
335 3127 366 3188 in
388 3125 509 3207 Africa,
534 3127 582 3189 cui
606 3135 722 3210 postea
745 3126 798 3190 hic
814 3128 883 3211 ipse
899 3124 1063 3189 Hannibal
1079 3122 1262 3188 succubuit:

38 3214 45 3220 '
141 3210 229 3275 nulla
252 3220 407 3296 exparte
431 3213 670 3295 comparandae
693 3223 776 3293 sunt,
809 3213 871 3276 nisi
893 3213 981 3299 quod
1004 3213 1126 3275 minore
1157 3210 1263 3272 animo

141 3295 225 3361 latae
248 3308 331 3361 sunt.

101 3387 115 3437 1
242 3380 313 3447 LV.
350 3381 387 3446 P.
419 3378 538 3447 Furius
570 3381 682 3446 Philus
720 3392 752 3446 et
788 3380 833 3443 M.
865 3381 1062 3465 Pomponius
1098 3389 1264 3462 praetores

141 3476 288 3531 senatum
324 3469 357 3531 in
396 3470 517 3531 curiam
535 3520 537 3524 ,
553 3466 728 3530 Hostiliam
765 3477 974 3546 vocaverunt,
1019 3475 1054 3528 ut
1097 3465 1138 3528 de
1175 3463 1264 3528 urbis

100 3560 115 3607 2
141 3554 288 3617 custodia
311 3553 529 3618 consulerent:
562 3575 668 3637 neque
701 3552 784 3616 enim
816 3549 1008 3615 dubitabant
1030 3549 1145 3614 deletis
1170 3572 1263 3615 exer·

140 3637 257 3702 citibus
280 3638 407 3704 hostem
429 3639 470 3702 ad
493 3634 745 3723 oppugnandam
767 3636 912 3717 Romam,
941 3636 1029 3722 quod
1053 3658 1151 3699 unum
1178 3656 1261 3721 opus

97 3732 113 3780 ³
138 3721 215 3786 belli
236 3733 383 3803 restaret,
406 3734 587 3788 venturum.
621 3745 695 3786 curn
719 3723 751 3785 in
774 3719 866 3786 maiis
890 3723 982 3786 sicuti
1011 3722 1196 3805 ingentibus
1220 3721 1264 3783 ita

131 3809 254 3890 ignotis
275 3831 318 3872 ne
342 3809 509 3873 consilium
532 3809 664 3894 quidem
682 3808 760 3871 satis
777 3808 978 3891 expedirent,
996 3807 1265 3892 obstreperetque

639 4047 642 4053 ’
728 4040 836 4078 Α
