2738 4146
327 132 436 182 mann
453 133 489 184 11.
507 132 581 184 cur.
600 136 641 183 ar.
660 135 701 184 as.
722 132 754 202 [a.
773 133 806 184 u.
826 150 846 183 0.
868 131 1021 200 rae-aeq.
1228 117 1268 174 75

91 304 239 368 medium
272 328 307 368 se
337 305 480 389 gerendo
512 329 573 370 nec
605 305 710 393 plebis
747 307 1003 370 vitavitodium
1040 327 1102 368 nec
1132 303 1218 389 apud

88 401 202 475 patres
225 393 360 474 gratiam
383 393 463 454 iniit.
489 403 597 475 patres
617 392 748 456 mollem
773 391 935 456 consulem
960 403 991 455 et
1014 391 1220 454 ambitiosum
1240 408 1257 455 4

40 511 42 515 ·
89 479 164 557 rati,
199 476 512 562 plebesfallacem3
552 478 640 542 brevi
668 500 709 541 ue
741 481 892 564 apparuit
924 479 1123 562 adaequasse
1147 499 1220 540 eum

91 564 196 648 Appii
221 564 340 626 odium.
366 575 530 627 certamen
554 501 739 628 consulibus
762 567 928 636 inciderat,
952 576 1025 627 uter
1054 562 1255 628 dedicareta

91 648 238 711 Mercuri
262 651 385 714 aedem.
420 661 549 714 senatus
573 674 591 713 a
614 673 648 714 se
671 673 738 714 rem
764 652 803 714 ad
832 651 986 736 populum
1009 651 1133 713 reiecit:
1157 649 1221 712 utri

94 759 210 799 eorum
243 736 405 799 dedicatio
437 738 527 799 iussu
557 735 668 821 populi
707 739 783 799 data
820 747 915 818 esset,
955 759 1027 800 eum
1065 756 1220 822 praeesse

93 843 255 902 annonae,
287 833 504 885 mercatorum
538 822 723 906 conlegium
754 825 931 897 instituere,
966 821 1135 886 sollemnia
1162 842 1219 906 pro

94 907 250 993 pontifice
284 909 376 970 iussit
408 910 580 994 suscipere.
614 908 754 995 populus
788 910 1024 972 dedicationem
1053 909 1141 970 aedis
1165 908 1257 974 data

93 993 140 1056 M.
165 993 329 1075 Laetorio,
362 995 457 1079 primi
485 993 542 1079 pili
577 990 765 1076 centurioni,
799 995 887 1081 quod
920 993 1015 1058 facile
1047 1002 1221 1077 appareret

93 1101 160 1142 non
184 1091 250 1142 tam
274 1080 314 1142 ad
339 1079 496 1143 honorem
521 1083 598 1160 eius,
632 1082 684 1144 cui
719 1084 843 1145 curatio
877 1079 971 1144 altior
999 1080 1128 1163 fastigio
1161 1085 1235 1142 suo‘

94 1167 173 1228 data
198 1175 291 1245 esset,
324 1165 445 1229 factum
469 1188 566 1252 quam
588 1167 628 1229 ad
654 1167 820 1230 consulum
847 1167 1063 1251 ignominiam.
1096 1166 1254 1229 saeviret

91 1252 172 1314 inde
196 1253 309 1335 utique
334 1251 500 1315 consulum
525 1251 607 1316 alter
628 1264 818 1338 patresque,
850 1253 907 1316 sed
940 1251 1028 1337 plebi
1051 1262 1222 1315 creverant

92 1339 205 1417 animi,
240 1349 272 1402 et
303 1337 401 1418 longe
434 1338 496 1400 alia
529 1361 626 1422 quam
660 1342 765 1424 primo
789 1341 993 1402 instituerant
1014 1339 1067 1401 via
1096 1358 1221 1421 grassa·

90 1425 224 1488 bantur.
258 1424 430 1509 desperato
464 1427 547 1487 enim
581 1425 749 1488 consulum
777 1437 971 1510 senatusque
994 1423 1124 1502 auxilio,
1150 1431 1255 1485 cum8

94 1511 129 1573 in
152 1511 203 1572 ius
227 1510 302 1572 duci
326 1509 504 1575 debitorem
530 1510 695 1590 vidissent,
711 1511 855 1596 undique
872 1509 1098 1574 convolabant.
1116 1515 1221 1594 nequ'e

94 1597 265 1660 decretum
289 1595 436 1658 exaudiri
461 1596 601 1659 consulis
624 1619 703 1681 prae
727 1599 863 1680 strepitu
880 1606 911 1659 et
927 1597 1067 1661 clamore
1083 1605 1220 1680 poterat,

92 1704 212 1768 neque,
237 1704 308 1746 curn
334 1682 507 1760 decresset,
532 1685 702 1768 quisquam
726 1682 982 1767 obtemperabat.
1005 1684 1038 1745 vi
1054 1681 1220 1765 agebatur,
1240 1690 1255 1738 9

92 1781 265 1851 metusque
289 1769 392 1830 omnis
416 1778 447 1832 et
470 1768 649 1854 periculum
673 1766 842 1850 libertatis,
876 1791 949 1832 cum
980 1770 1012 1831 in
1045 1778 1221 1852 conspectu

93 1852 235 1918 consulis
259 1852 376 1936 singuli
399 1876 418 1916 a
440 1853 588 1940 pluribus
611 1853 820 1935 violarentur,
845 1856 876 1917 in
900 1855 1077 1918 creditores
1098 1852 1220 1916 adebi-

92 1940 220 2004 toribus
251 1951 426 2003 verterant.
462 1963 559 2025 super
591 1937 672 2003 haec
702 1942 799 2004 timor
828 1941 961 2004 incessit
992 1939 1103 2004 Sabini
1126 1938 1272 2018 belli310

93 2025 282 2111 dilectuque
316 2026 446 2089 decreto
480 2048 574 2090 nemo
605 2049 722 2090 nomen
758 2027 857 2103 dedit,
889 2026 1016 2090 furente
1047 2023 1156 2109 Appio
1190 2035 1221 2089 et

91 2115 272 2176 insectante
294 2111 504 2176 ambitionem
528 2111 692 2195 conlegae,
726 2115 780 2197 qui
811 2112 961 2198 populari
993 2111 1118 2176 silentio
1150 2133 1219 2174 rem

93 2196 261 2283 publicam
286 2199 441 2281 proderet
463 2208 496 2262 et
518 2199 560 2261 ad
582 2199 626 2279 id,
662 2201 748 2283 quod
783 2199 823 2262 de
855 2199 978 2262 credita
1010 2199 1150 2284 pecunia
1170 2198 1220 2260 ius

92 2306 158 2348 non
183 2284 326 2358 dixisset,
353 2286 503 2363 adiceret,
535 2295 572 2348 ut
601 2307 642 2348 ne
676 2282 829 2348 dilectum
862 2285 993 2369 quidem
1026 2293 1220 2366 exsenatus
1264 2332 1266 2337 .

93 2368 240 2433 consulto
273 2369 424 2434 haberet:
456 2392 519 2432 non
553 2393 624 2434 esse
655 2380 763 2433 tamen
796 2371 958 2433 desertam
991 2371 1118 2433 omnino
1150 2391 1220 2431 rem
1240 2382 1270 2428 11
1331 2426 1337 2432 .

94 2455 259 2542 publicam
283 2478 389 2541 neque
413 2458 592 2540 proiectum
618 2454 788 2519 consulare
811 2458 998 2541 imperinm3
1022 2478 1056 2519 se
1072 2477 1172 2518 unum
1188 2464 1221 2517 et

66 2620 69 2626 ¹
93 2563 172 2605 suae
197 2551 229 2605 et
251 2554 379 2625 patrum
403 2544 578 2605 maiestatis
603 2541 764 2605 vindicem
788 2542 866 2605 fore.
900 2564 972 2604 curn
997 2543 1221 2604 circumstaret
1240 2554 1272 2600 12

93 2627 256 2692 cotidiana
279 2628 450 2692 multitudo
474 2628 604 2690 licentia
631 2649 779 2707 accensa,
812 2627 910 2710 arripi
933 2650 1032 2690 unum
1062 2627 1220 2709 insignem
1266 2633 1269 2640 '

92 2714 210 2777 ducem
233 2714 428 2778 seditionum
450 2715 550 2777 iussit.
567 2711 620 2776 ille
637 2736 711 2776 oum
727 2737 746 2776 a
761 2712 928 2776 lictoribus
944 2714 1008 2775 iarn
1026 2712 1220 2792 traheretur,

92 2801 299 2886 provocavit,
336 2820 396 2863 nec
435 2801 584 2862 cessisset
621 2800 844 2885 provocationi
882 2798 1004 2880 consul,
1035 2800 1120 2884 ‘quia
1156 2821 1220 2862 non

92 2885 230 2949 dubium
261 2897 329 2948 erat
363 2885 475 2970 populi
506 2885 671 2966 iudicium,
703 2887 764 2947 nisi
796 2907 893 2967 aegre
924 2887 1011 2948 victa
1042 2886 1220 2971 pertinacia

92 2973 177 3035 foret
199 2969 332 3035 consilio
357 2975 460 3054 magis
484 2981 516 3035 et
538 2973 728 3034 auctoritate
762 2973 944 3056 principum
976 2993 1073 3056 quam
1109 2969 1220 3054 populi

92 3058 249 3133 clamore3
274 3057 356 3120 adeo
380 3068 571 3141 supererant
602 3058 698 3120 animi
731 3056 773 3119 ad
805 3058 1026 3120 sustinendam
1055 3058 1217 3120 invidiam.

92 3165 241 3208 crescere
264 3143 339 3205 inde
362 3142 484 3206 malum
507 3145 538 3205 in
563 3143 630 3206 dies
654 3165 716 3206 non
742 3142 937 3205 clamoribus
965 3143 1062 3206 modo
1089 3143 1219 3226 apertis,

92 3231 161 3309 sed,
194 3230 280 3314 quod
312 3229 413 3292 multo
447 3230 657 3314 perniciosius
691 3239 770 3310 erat,
804 3230 986 3292 secessione
1020 3227 1220 3313 occultisque
1239 3226 1271 3274 13

92 3315 284 3400 conloquiis.
308 3316 441 3377 tandem
463 3316 559 3378 invisi
583 3313 672 3399 plebi
696 3314 843 3378 consules
867 3317 1057 3397 magistratu
1089 3313 1219 3395 abeunt,

92 3401 250 3467 Servilius
275 3403 406 3481 neutris,
431 3402 559 3486 Appius
582 3401 729 3485 patribus
752 3402 833 3464 mire
857 3412 977 3480 gratus.

194 3486 353 3550 XXVIII.
379 3489 416 3548 A.
441 3486 615 3568 Verginius
639 3488 713 3550 inde
738 3497 770 3549 et
792 3485 829 3548 Τ.
847 3485 1001 3549 Vetusius
1018 3483 1220 3548 consulatum
1240 3488 1253 3534 1

92 3576 213 3638 ineunt.
252 3583 321 3636 tum
352 3595 432 3637 vero
465 3565 559 3658 plebs
591 3574 724 3650 incerta,
759 3571 870 3658 quales
894 3571 1047 3634 habitura
1071 3568 1220 3633 consules

92 3670 188 3740 esset,
222 3670 333 3723 coetus
364 3668 550 3738 nocturnos,
584 3681 659 3744 pars
693 3656 856 3742 Esquiliis,
889 3680 966 3742 pars
1000 3659 1032 3720 in
1055 3657 1218 3720 Aventino

94 3747 214 3828 facere,
252 3767 293 3811 ne
326 3747 359 3808 in
390 3745 460 3810 foro
489 3745 608 3808 =subitis
646 3746 826 3829 trepidaret
863 3743 1010 3807 consiliis
1047 3755 1084 3804 et
1119 3744 1238 3802 omens.

94 3842 216 3897 temere
239 3852 277 3894 ac
299 3830 431 3896 fortuito
455 3841 578 3917 ageret.
611 3853 684 3897 earn
716 3855 790 3898 rem
816 3829 976 3896 cousules
994 3828 1080 3904 rati,
1106 3832 1152 3882 ut
1173 3818 1301 3884 exuta*
