2738 4146
393 129 501 187 urana
519 132 552 180 11.
573 132 646 180 one.
665 134 688 180 4.
708 136 731 180 a
752 131 784 198 [a.
804 133 836 182 n.
855 149 876 183 e.
897 131 965 199 arsi.
1226 119 1264 175 57

92 299 261 364 darentur:
285 323 358 364 narn
381 301 476 366 aliter
499 304 553 386 qui
577 303 755 367 credituros
779 326 834 367 eos
856 326 919 367 non
934 325 1018 365 vana
1041 302 1081 365 ab
1104 303 1250 387 legatis4

91 409 192 471 super
219 386 316 450 rebus
344 389 440 452 tantis
468 388 610 451 adferri?
638 390 733 451 datae
759 388 896 471 litterae,
928 400 964 452 ut
994 390 1110 474 pignus
1142 390 1218 453 fidei

92 482 211 552 essent,
235 472 441 536 manifestum
462 474 586 536 facinus
609 475 765 539 fecerunt.
788 498 863 537 nam
886 496 958 537 curn
981 476 1095 558 pridie,
1121 498 1249 560 quam5
1327 479 1328 482 ’

91 557 190 640 legati
222 558 263 620 ad
292 559 484 643 Tarquinios
515 559 806 644 proficiscerentur,
838 573 986 624 cenatum
1016 559 1100 624 forte
1131 561 1217 645 apud

91 643 240 706 Vitellios
265 657 359 726 esset,
385 646 608 729 coniuratique
631 645 675 708 ibi
697 648 829 709 remotis
853 647 983 708 arbitris
1011 645 1112 709 multa
1135 649 1219 709 inter

91 752 127 794 se
156 730 196 793 de
224 751 320 810 novo,
351 739 387 792 ut
409 730 454 807 tit,
488 730 619 794 consilio
648 733 797 813 egissent,
830 752 1010 795 sermonem
1038 753 1149 794 eorum
1177 754 1219 794 ex

91 817 195 879 serris
217 838 300 879 unus
324 817 461 899 excepit,
486 818 542 900 qui
563 819 627 879 iam
643 830 737 880 antea
758 817 792 878 id
816 826 961 880 senserat
981 817 1042 898 agi,
1066 819 1122 880 sed
1148 837 1254 884 eamo

92 903 304 981 occasionem,
332 912 368 964 ut
393 900 520 964 litterae
551 904 667 984 legatis
695 903 858 982 darentur,
886 924 969 986 quae
997 902 1218 986 deprehensae

91 1008 160 1049 rem
186 1007 365 1070 coarguere
389 997 533 1072 possent,
558 987 761 1072 expectabat.
789 997 962 1072 postquam
989 987 1080 1050 datas
1108 990 1217 1070 sensit,

91 1095 159 1135 rem
206 1072 247 1134 ad
292 1074 440 1135 consules
483 1072 606 1136 detulit.
652 1072 799 1136 consules
841 1074 880 1136 ad
928 1074 1251 1157 deprehendendosr

92 1157 217 1239 legatos
236 1159 483 1243 coniuratosque
500 1159 635 1241 profecti
654 1160 749 1221 domo
765 1162 833 1221 sine
848 1157 988 1221 tumultu
1001 1181 1069 1221 rem
1091 1181 1237 1223 onmem

92 1265 299 1328 oppressere3
340 1243 519 1307 litterarum
554 1246 586 1307 in
624 1245 735 1328 primis
771 1244 881 1306 habita
919 1265 1007 1314 cura,
1045 1267 1085 1306 ne
1120 1246 1218 1308 inter·

92 1331 247 1394 cidcrent.
292 1329 512 1413 proditoribus
554 1329 718 1415 extemplo
761 1331 792 1392 in
839 1328 957 1392 vinela
987 1331 1139 1393 coniectis
1177 1330 1219 1393 de

91 1413 207 1498 legatis
237 1414 404 1498 paululum
436 1414 662 1479 addubitatum
696 1425 754 1497 est,
788 1425 820 1479 et
843 1438 1037 1500 quamquam
1061 1416 1121 1479 visi
1145 1425 1219 1478 suut

92 1502 303 1579 commisisse,
327 1511 363 1563 ut
379 1500 519 1562 hostium
535 1499 606 1564 loco
624 1510 741 1581 essent,
759 1502 807 1564 ius
823 1510 930 1564 tamen
947 1503 1088 1583 gentium
1105 1499 1217 1565 valuit.

197 1585 236 1646 V.
261 1586 313 1648 De
342 1586 436 1648 bonis
464 1587 569 1668 regiis,
599 1609 683 1670 quae
704 1586 799 1649 reddi
833 1599 908 1648 ante
935 1595 1133 1664 censuerant,
1165 1608 1252 1658 res1

92 1673 221 1754 integra
236 1672 377 1735 refertur
400 1672 438 1734 ad
458 1687 577 1756 patres.
601 1673 714 1735 iivioti
737 1673 785 1734 ira
799 1683 932 1734 vetuere
955 1672 1060 1749 reddi,
1084 1685 1218 1736 vetuere

92 1759 124 1820 in
149 1756 314 1843 publicum
338 1757 457 1838 redigi:
485 1758 665 1842 diripienda
688 1757 777 1843 plebi
799 1770 873 1820 suut
896 1757 981 1835 data,
1012 1767 1048 1821 ut
1071 1768 1218 1820 contacta
1238 1783 1253 1830 2

92 1846 183 1927 regia
212 1845 335 1926 praeda
363 1865 454 1927 spem
483 1845 513 1906 in
541 1853 737 1929 perpetuum
769 1865 842 1906 eum
865 1844 903 1905 iis
934 1845 1023 1927 pacis
1046 1845 1217 1906 amitteret.

91 1951 172 2008 ager
189 1928 450 2014 Tarquiniorum,
475 1931 529 2013 qui
551 1932 633 1993 inter
655 1929 769 1996 urbem
793 1951 831 1992 ac
847 1928 993 1992 Tiberim
1014 1928 1082 2000 snit,
1108 1949 1218 1992 conse·

92 2026 202 2078 eratus
220 2015 316 2077 Marti
338 2013 473 2077 Martius
495 2015 612 2078 deinde
635 2037 768 2099 campus
783 2015 852 2077 fuit.
875 2013 958 2077 forte
981 2014 1026 2076 ibi
1042 2026 1109 2076 tum
1125 2035 1217 2097 seges
1236 2027 1252 2075 3

92 2101 187 2163 farris
209 2101 327 2163 dicitur
349 2100 447 2163 fuisse
467 2111 594 2163 matura
616 2103 722 2164 messi.
747 2122 845 2184 quem
861 2101 966 2183 campi
980 2100 1121 2162 fructum
1144 2100 1219 2184 quia

91 2185 281 2268 religiosum
298 2198 368 2249 crat
381 2207 581 2267 consumere,
606 2186 770 2250 desectam
792 2207 865 2248 cum
882 2195 1057 2248 stramento
1075 2198 1219 2268 segetem

90 2294 209 2353 magna
245 2273 294 2334 vis
336 2271 502 2334 hominum
536 2272 630 2335 simul
661 2273 804 2335 immissa
841 2270 994 2334 corbibus
1031 2271 1144 2334 fudere
1185 2272 1218 2333 in

91 2356 233 2421 Tiberim
258 2359 347 2420 tenui
379 2356 532 2419 fluentem
556 2379 649 2440 aqua,
676 2369 712 2420 ut
738 2356 853 2420 mediis
876 2354 1037 2419 caloribus
1061 2355 1151 2419 solet.
1175 2356 1254 2417 ita4

90 2443 123 2506 in
148 2443 241 2504 vadis
272 2442 469 2505 haesitantes
491 2442 644 2506 frumenti
672 2464 806 2506 acervos
841 2442 963 2505 sedisse
986 2440 1095 2505 inlitos
1126 2438 1218 2520 limo,

91 2527 232 2590 insulam
254 2528 331 2593 inde
360 2526 517 2612 paulatim
550 2540 582 2591 et
614 2527 693 2608 aliis,
727 2550 809 2611 quae
840 2527 903 2589 lert
935 2539 1057 2590 temere
1088 2525 1218 2607 flumen,

91 2614 208 2677 eodem
226 2614 362 2678 invectis
385 2614 514 2676 factam.
540 2626 654 2698 postea
672 2616 769 2676 credo
792 2612 919 2674 additas
932 2614 1035 2675 moles
1058 2633 1219 2695 manuque

90 2701 249 2780 adiutum,
279 2709 404 2762 uttam
428 2701 570 2762 eminens
594 2721 670 2762 area
696 2697 854 2782 firmaque
875 2697 1005 2782 templis
1028 2719 1158 2782 quoque
1181 2718 1220 2759 ao

90 2786 273 2871 porticibus
300 2784 495 2848 sustinendis
526 2796 620 2848 esset.
654 2785 789 2867 direptis
816 2784 909 2847 bonis
937 2806 1050 2865 regum
1078 2783 1253 2845 damnatis

89 2871 275 2956 proditores
318 2882 548 2954 sumptumque
580 2870 784 2956 supplicium,
818 2871 1022 2952 conspectius
1050 2890 1098 2947 e0,
1132 2869 1217 2950 quod

89 2979 218 3042 poenae
238 2957 433 3040 ·capiendae
460 2958 673 3019 ministerium
705 2957 790 3041 patri
822 2955 862 3017 de
896 2954 1006 3017 liberis
1034 2952 1219 3017 consulatus

88 3043 246 3126 inposuit,
265 3052 305 3121 et,
325 3043 380 3124 qui
396 3052 559 3125 spectator
575 3053 645 3104 erat
660 3041 870 3116 amovendus,
883 3064 955 3102 eum
971 3042 1077 3122 ipsum
1093 3039 1234 3101 fortuna

89 3137 278 3191 exactorem
305 3126 454 3210 supplicii
478 3128 576 3190 dedit.
594 3127 723 3190 stabant
746 3126 877 3208 deligati
899 3128 938 3187 ad
956 3125 1066 3208 palum
1088 3123 1255 3190 nobilis-o

89 3215 162 3277 simi
185 3215 334 3291 iuvenes,
360 3213 416 3275 sed
442 3235 461 3274 a
485 3215 609 3292 ceteris,
639 3212 728 3275 velut
751 3211 791 3274 ab
814 3213 931 3293 ignotis
955 3209 1123 3295 capitibus,
1148 3229 1218 3272 oon·

89 3299 168 3363 sulis
198 3297 292 3362 liberi
322 3300 462 3361 omnium
496 3299 527 3360 in
557 3321 591 3362 se
618 3308 803 3362 averterant
830 3295 950 3367 oculos,
978 3293 1254 3378 miserebatque?

87 3407 152 3448 non
169 3407 295 3470 poenae
312 3385 414 3466 magis
440 3384 585 3446 homines
602 3407 697 3468 quam
715 3382 855 3459 sceleris,
878 3404 941 3466 quo
958 3402 1096 3465 poenam
1113 3380 1219 3442 meriti

88 3481 213 3534 essent:
236 3469 309 3532 illos
335 3491 372 3532 eo
398 3470 602 3554 potissimum
625 3491 707 3531 anno
729 3469 868 3553 patriam
890 3466 1069 3546 liberatam,
1093 3477 1219 3550 patrem

89 3554 310 3633 liberatorem,
326 3554 529 3618 consulatum
546 3566 651 3617 ortum
668 3577 708 3617 ex
719 3554 813 3616 domo
830 3553 930 3628 Iunia,
944 3564 1064 3637 patres,
1075 3550 1217 3636 plebem,

57 3701 58 3704 ,
89 3641 248 3726 quidquid
277 3641 413 3704 deorum
438 3639 668 3724 hominumque
690 3639 910 3702 Romanorum
935 3648 1029 3714 esset,
1052 3637 1218 3699 induxisse

95 3729 125 3790 in
151 3729 302 3805 animum,
335 3738 371 3789 ut
402 3725 544 3810 superbo
574 3725 736 3810 quondam
770 3725 852 3808 regi,
880 3733 957 3787 tum
985 3718 1243 3814 intestoteuxbx

94 3815 281 3898 proderent.
314 3810 459 3876 consules
491 3813 525 3876 in
562 3812 677 3879 sedem
714 3832 918 3901 processere
951 3830 1065 3885 suam,
1092 3809 1268 3868 msam&
1285 3806 1311 3846 ’Β
