2738 4146
131 141 190 198 122
388 154 497 204 LIBER
514 155 585 205 xxr.
604 155 679 206 car.
699 159 740 206 19.
759 158 800 206 ao.
819 154 856 225 [a.
874 156 906 206 u.
926 172 948 207 ο.
967 153 1038 223 sst.

147 326 304 390 tessent“
323 348 383 390 nec
401 347 461 408 ,ne
484 329 539 412 qui
553 337 668 412 postea
689 324 972 406 adsumerentur“;
996 336 1028 391 et
1050 349 1124 391 curn
1140 327 1310 393 adsumere

178 433 280 475 novos
311 409 424 476 liceret
454 415 568 495 socios,
603 415 673 498 quis
708 434 847 499 aequum
878 421 1026 477 censeret
1059 421 1114 476 aut
1145 411 1187 476 ob
1222 412 1309 478 nulla

179 517 373 583 quemquam
396 500 511 561 merita
536 500 569 561 in
593 499 763 563 amicitiam
784 500 885 584 recipi
908 506 963 561 aut
984 506 1133 584 receptos
1154 500 1189 562 in
1210 497 1308 564 fidem

177 603 241 645 non
273 581 427 646 defendi?
459 591 582 647 tantum
612 605 653 646 ne
684 582 995 666 Carthaginiensium
1028 585 1107 648 socii
1138 593 1194 648 aut
1225 583 1308 649 solli·

179 669 352 732 citarentur
374 667 415 732 ad
449 668 665 734 defectionem
689 677 744 733 aut
769 691 828 733 sua
852 677 965 755 sponte
989 668 1207 734 desciscentes
1229 672 1307 735 reci·

202 763 338 817 crentur.

142 776 198 902 cp
279 837 394 920 Legati
415 838 551 903 Romani
574 838 615 902 ab
640 837 844 920 Carthagine,
876 841 959 903 sicut
989 840 1027 902 iis
1049 837 1175 902 Romae
1205 841 1304 926 impe·

176 933 281 988 ratum
298 933 375 1002 erat,
397 926 430 988 in
445 925 644 1010 Hispaniam,
667 934 704 988 ut
718 924 844 988 adirent
859 926 1003 989 civitates
1020 933 1052 988 et
1071 925 1106 988 in
1121 926 1306 991 societatem

143 1028 158 1075 7
176 1008 371 1095 perlicerent
392 1019 447 1074 aut
462 1019 645 1074 averterent
659 1030 679 1073 a
693 1009 819 1090 Poenis,
842 1011 1047 1074 traiecerunt.
1071 1009 1113 1073 ad
1129 1008 1306 1092 Bargusios

176 1097 315 1180 primum
338 1105 510 1173 venerunt;
543 1118 563 1159 a
585 1093 700 1181 quihus
724 1093 863 1178 benigne
887 1097 1024 1181 excepti,
1056 1097 1132 1180 quia
1153 1096 1306 1160 taedebat

175 1183 301 1266 imperii
322 1181 444 1259 Punici,
468 1179 586 1245 multos
609 1191 696 1244 trans
711 1180 873 1245 Hiberum
894 1179 1032 1267 populos
1055 1180 1097 1243 ad
1120 1180 1306 1267 cupidinem

139 1285 280 1333 enovae
311 1265 458 1330 fortunae
492 1275 674 1330 erexerunt.
710 1266 750 1329 ad
775 1265 948 1331 Volcianos
978 1265 1054 1330 iude
1078 1275 1129 1330 est
1162 1276 1303 1346 ventum,

177 1374 314 1435 quorum
330 1351 459 1415 celebre
473 1374 533 1438 per
551 1353 739 1437 Hispaniam
753 1373 945 1438 responsum
961 1360 1085 1416 ceteros
1101 1350 1241 1437 populos
1265 1351 1305 1416 ab

176 1439 328 1501 societate
352 1437 497 1501 Romana
523 1441 647 1501 avertit.
680 1440 725 1501 ita
748 1440 832 1501 enim
854 1439 1013 1501 maximus
1045 1446 1123 1501 natu
1146 1439 1249 1501 exiis
1271 1439 1303 1501 in

140 1542 156 1590 9
176 1521 311 1586 concilio
333 1522 640 1609 respondittt„quae
662 1522 861 1587 verecundia
883 1531 940 1603 est,
963 1522 1109 1604 Romani,
1140 1522 1305 1608 postulare

175 1629 244 1688 vos,
276 1610 322 1671 uti
353 1617 492 1672 vestram
523 1607 833 1687 Carthaginiensium
864 1610 1022 1672 amicitiae
1055 1629 1303 1695 praeponamus,

176 1715 259 1772 cum,
289 1695 343 1779 qui
375 1693 408 1757 id
440 1694 595 1775 fecerunt,
620 1693 813 1776 Saguntinos
846 1690 1018 1773 crudelius,
1051 1715 1149 1778 quam
1171 1693 1301 1759 Poenus

124 1800 157 1847 10
174 1777 275 1843 hostis
306 1779 456 1864 perdidit,
489 1802 547 1843 vos
578 1781 656 1843 socii
677 1778 906 1862 prodideritis?
935 1777 981 1843 ibi
1014 1780 1175 1864 quaeratis
1199 1781 1304 1844 socios

175 1885 302 1942 censeo,
335 1864 391 1928 ubi
414 1863 590 1946 Saguntina
621 1864 730 1929 clades
760 1867 871 1947 ignota
894 1873 954 1929 est:
990 1863 1144 1949 Hispanis
1175 1863 1303 1951 populis

175 1952 258 2013 siout
279 1949 417 2033 lugubre
440 1952 484 2013 ita
504 1952 629 2030 insigne
657 1950 886 2014 documentum
908 1949 1042 2033 Sagunti
1063 1951 1175 2013 ruinae
1199 1959 1302 2030 erunt,

124 2057 153 2103 11
174 2056 215 2096 ne
242 2037 312 2120 quis
334 2033 410 2098 fidei
425 2035 589 2099 Romanae
605 2044 661 2100 aut
682 2036 826 2100 societati
842 2034 1013 2099 confidat.“
1037 2034 1115 2099 inde
1137 2033 1303 2121 extemplo

175 2119 265 2182 abire
296 2119 412 2184 finibus
445 2119 675 2186 Volcianorum
705 2123 783 2185 iussi
821 2121 861 2184 ab
894 2121 983 2185 nullo
1016 2120 1134 2184 deinde
1166 2119 1302 2185 concilio

173 2204 350 2293 Hispaniae
372 2206 562 2288 benigniora
583 2206 686 2270 verba
706 2207 819 2271 tulere.
847 2207 892 2270 ita
912 2209 1109 2292 nequiquam
1130 2215 1303 2292 peragrata

172 2291 330 2379 Hispania
349 2293 382 2355 in
407 2290 546 2357 Galliam
567 2300 741 2357 transeunt.

138 2395 149 2441 1
273 2375 350 2439 XX.
373 2376 411 2440 In
433 2377 483 2443 his
505 2399 591 2442 nova
620 2377 835 2463 terribilisque
867 2378 991 2462 species
1025 2378 1096 2440 visa
1118 2384 1176 2456 est,
1213 2375 1301 2462 quod

172 2465 344 2527 armati-
380 2465 426 2527 ita
455 2486 525 2528 mos
558 2465 661 2547 gentis
694 2473 763 2526 erat
784 2498 827 2508 -
857 2464 890 2526 in
922 2460 1093 2526 concilium
1126 2472 1300 2526 venerunt.

136 2567 246 2614 acum
268 2548 376 2613 verbis
409 2548 599 2614 extollentes
627 2547 761 2630 gloriam
784 2549 1000 2634 virtutemque
1030 2545 1144 2696 populi
1165 2546 1302 2612 Romani

172 2655 210 2697 ac
232 2634 486 2717 magnitudinem
508 2637 634 2721 imperii
654 2637 818 2720 petissent,
841 2654 883 2697 ne
907 2633 1016 2698 Poeno
1064 2631 1164 2697 elum
1185 2631 1302 2697 Italiae

137 2717 319 2787 sinferenti
351 2741 411 2805 per
433 2741 529 2801 agros
562 2719 727 2806 urbesque
749 2742 823 2784 suas
846 2722 1015 2784 transitum
1039 2718 1162 2795 darent,
1193 2727 1302 2783 tantus

172 2826 245 2867 cum
282 2804 411 2868 fremitu
442 2807 525 2870 risus
563 2805 678 2869 dicitur
715 2814 813 2884 ortus,
851 2814 887 2869 ut
922 2807 979 2868 vix
1009 2827 1029 2868 a
1061 2802 1302 2887 magistratibus
1335 2831 1337 2834 ·

132 2888 411 2975 smaioribusque
443 2900 521 2955 natu
551 2893 700 2955 iuventus
734 2890 915 2956 sedaretur:
949 2889 1030 2954 adeo
1063 2889 1179 2954 stolida
1210 2892 1301 2975 inpu-

172 2974 316 3061 densque
346 2973 517 3060 postnlatic
551 2978 621 3040 visa
644 2984 701 3058 est,
736 2998 879 3054 censere,
916 2998 958 3040 ne
990 2977 1023 3040 in
1044 2973 1172 3039 Italiam
1198 2984 1300 3039 trans·

170 3063 296 3124 mittant
320 3060 405 3125 Galli
429 3060 560 3136 bellum,
592 3064 679 3149 ipsos
701 3061 734 3125 id
759 3071 906 3127 avertere
927 3064 960 3127 in
983 3083 1018 3127 se
1041 3081 1202 3147 agrosque
1225 3082 1301 3125 suos

132 3158 148 3207 5
169 3169 229 3232 pro
253 3146 364 3211 alienis
392 3145 595 3233 populandos
619 3146 759 3212 obicere.
797 3149 909 3213 sedato
932 3147 1064 3212 tandem
1097 3147 1228 3210 fremitu
1249 3167 1299 3210 re·

170 3255 325 3318 sponsum
347 3231 460 3314 legatis
484 3242 541 3314 est,
572 3255 678 3318 neque
700 3232 919 3299 Romanorum
940 3236 973 3296 in
996 3255 1031 3298 se
1057 3233 1207 3298 meritum
1229 3252 1301 3296 esse

168 3338 276 3402 neque
300 3316 611 3399 Carthaginiensium
633 3320 790 3399 iniuriam,
819 3317 860 3384 ob
884 3339 966 3403 quae
990 3327 1045 3381 aut
1065 3340 1125 3405 pro
1147 3316 1301 3382 Romanis

134 3415 225 3472 aaut
248 3404 404 3468 adversus
426 3404 554 3469 Poenos
578 3413 705 3469 sumant
735 3424 839 3481 arma3
872 3412 985 3467 contra
1016 3425 1054 3467 ea
1077 3404 1189 3468 audire
1218 3424 1300 3486 sese,

169 3493 273 3568 gentis
297 3512 374 3554 suae
399 3489 543 3554 homines
576 3512 653 3573 agro
685 3488 868 3575 finibusque
890 3485 1003 3551 ltaliae
1034 3489 1114 3574 pelli
1136 3512 1156 3552 a
1177 3486 1300 3575 populo

135 3579 149 3626 ⁷
167 3574 313 3640 Romano
330 3576 522 3661 stipendium
548 3597 589 3640 ue
605 3575 748 3663 pendere
765 3583 797 3638 et
811 3581 920 3638 cetera
937 3573 1070 3654 indigna
1084 3576 1159 3661 pati.
1185 3573 1301 3639 eadem

167 3660 269 3725 ferme
291 3663 324 3724 in
348 3664 462 3726 ceteris
487 3599 613 3725 Gallliae
642 3658 783 3725 conciliis
811 3658 897 3723 diota
930 3658 1118 3743 auditaque,
1150 3682 1211 3723 nec
1242 3658 1300 3724 ho·

168 3745 282 3831 spitale
305 3749 477 3832 quicquam
492 3755 684 3832 pacatumve
700 3748 775 3809 satis
790 3746 879 3830 prius
895 3742 1049 3826 auditum,
1073 3767 1169 3830 quam
1184 3744 1299 3811 Massi·

126 3829 239 3896 eliam
264 3853 392 3896 venere.
424 3832 471 3898 ibi
495 3834 601 3896 omnia
624 3830 664 3894 ab
688 3832 782 3894 sociis
804 3830 955 3916 inquisita
977 3851 1050 3892 cum
1073 3852 1152 3893 cura
1174 3852 1212 3894 ao
1234 3829 1300 3894 fide
