2738 4146
86 124 148 184 102
335 137 444 187 crana
461 138 497 189 ιι
515 136 591 189 car.
608 140 651 189 aa.
669 140 711 190 ιι.
729 139 771 191 sa
791 136 824 204 [a.
842 138 876 190 U.
894 153 917 188 c.
936 135 1005 205 aaut

87 326 120 375 tt
137 307 196 373 bat
216 318 326 373 tamen
349 307 479 394 Appius
493 309 673 394 pertinacia
687 317 809 372 tantam
824 317 1072 392 tempestatem3
1096 317 1273 377 certatum·

138 416 202 480 que
224 394 313 458 baud
336 394 503 460 incruento
527 393 650 478 proelio
672 395 767 477 foret,
789 396 822 457 ni
837 391 1016 477 Quinctius,
1040 394 1156 458 consul
1179 395 1275 480 alter,

137 479 364 546 consularibus
394 481 525 563 negotio
561 479 648 564 dato,
679 491 716 544 ut
747 479 915 563 conlegam
945 481 988 562 vi,
1021 480 1049 544 si
1080 479 1177 545 aliter
1207 504 1274 547 non

138 576 282 653 possent,
311 565 445 630 defero
469 565 681 650 abducerent,
713 568 783 651 ipse
805 588 892 630 nunc
913 564 1045 650 plebem
1068 567 1272 633 saevientem

29 677 32 683 ·
137 649 292 738 precibus
314 650 456 736 lenisset,
479 673 565 716 nunc
589 662 713 718 orasset
727 651 885 735 tribunos,
908 660 945 714 ut
967 651 1139 716 concilium
1164 653 1271 718 dimit·

89 756 120 802 to
138 746 260 820 terent3
294 738 409 802 darent
439 739 508 802 irae
539 739 693 822 spatium:
724 760 788 802 non
822 739 888 803 vim
920 758 1012 802 suam
1042 735 1106 802 illis
1136 748 1272 825 tempus

137 824 379 909 adempturum,
403 824 461 888 sed
484 824 654 888 consilium
675 823 799 889 viribus
823 824 1018 908 additurum,
1042 833 1075 890 et
1097 833 1211 909 patres
1237 827 1270 890 in

136 909 251 996 populi
274 920 306 973 et
328 909 495 974 consulem
517 911 548 972 in
572 919 702 994 patrum
723 909 792 974 fore
816 918 987 995 potestate.

97 1014 109 1060 ι
238 994 343 1060 LVII.
367 995 476 1079 Aegre
500 996 613 1059 sedata
639 996 680 1060 ab
706 995 854 1074 Quinctio
883 994 986 1081 plebs,
1008 993 1110 1059 multo
1138 1017 1178 1059 ae
1221 998 1290 1061 'us-

96 1101 112 1148 r
139 1080 253 1146 consul
285 1079 367 1145 alter
399 1103 418 1143 a
451 1082 608 1167 patribus.
643 1083 775 1146 dimisso
813 1081 948 1145 tandem
984 1079 1121 1146 concilio
1161 1083 1269 1167 pebis

137 1174 287 1231 senatum
310 1166 458 1231 consules
481 1167 611 1232 habent.
634 1167 691 1232 ubi
713 1191 788 1232 cum
802 1169 899 1231 timor
921 1177 1018 1252 atque
1040 1168 1089 1230 ira
1110 1168 1144 1230 in
1159 1169 1268 1233 vicem

137 1253 314 1318 sententias
336 1254 525 1337 variassent,
549 1276 613 1340 quo
636 1255 739 1337 magis
755 1255 859 1339 spatio
875 1254 1065 1339 interposito
1080 1251 1123 1316 ab
1142 1254 1269 1338 impetu

137 1337 180 1402 ad
203 1337 453 1404 consultandum
468 1340 700 1422 avocabantur,
723 1361 761 1404 eo
777 1338 850 1424 plus
874 1337 1096 1402 abhorrebant
1119 1361 1138 1402 a
1163 1350 1267 1404 certa·

135 1425 225 1488 tione
258 1425 366 1508 animi,
400 1425 482 1488 adeo
514 1436 550 1489 ut
573 1424 724 1503 Quinctio
755 1427 876 1509 gratias
904 1433 1047 1508 agerent,
1075 1424 1166 1509 quod
1198 1427 1267 1491 eius

97 1531 113 1577 3
138 1531 240 1596 opera
261 1512 409 1595 mitigata
432 1510 594 1575 discordia
616 1521 711 1576 esset.
736 1512 776 1575 ab
793 1511 902 1596 Appio
926 1511 1058 1594 petitur,
1080 1520 1118 1574 ut
1141 1520 1266 1576 tantam

137 1594 342 1661 consularem
364 1597 568 1661 maiestatem
591 1619 662 1662 esse
684 1596 793 1678 vellet,
817 1605 938 1680 quanta
961 1618 1033 1660 esse
1052 1597 1085 1659 in
1110 1599 1267 1662 concordi

137 1681 270 1746 civitate
285 1693 406 1768 posset.
431 1683 507 1746 dum
529 1683 651 1747 tribuni
667 1681 881 1767 consulesque
896 1683 937 1746 ad
954 1705 988 1746 se
1003 1683 1142 1831 quisque
1158 1685 1268 1748 omnia

136 1767 277 1851 trabant,
308 1767 388 1832 nihil
424 1768 572 1832 relictum
605 1792 675 1833 esse
706 1770 823 1835 virium
856 1769 889 1831 in
920 1767 1044 1848 medio;
1099 1770 1264 1833 istractam

137 1853 377 1939 laceratamque
409 1877 480 1919 rem
514 1853 692 1941 publicam3
723 1857 827 1938 magis
859 1876 997 1940 quorum
1019 1855 1052 1917 in
1079 1875 1181 1919 manu
1214 1856 1267 1939 sit,

97 1961 233 2025 squam
261 1949 297 2002 ut
323 1939 492 2003 incolumis
514 1941 565 2022 sit,
593 1942 713 2088 quaeri.
736 1941 865 2026 Appius
895 1949 1008 2005 contra
1036 1940 1151 2004 testari
1182 1941 1265 2005 deos

135 2035 235 2111 atque
266 2025 413 2089 homines
441 2048 511 2089 rem
533 2025 600 2111 pub
615 2028 697 2090 icam
726 2027 822 2111 prodi
844 2047 904 2111 per
925 2035 1048 2090 metum
1075 2047 1114 2091 ac
1142 2026 1263 2111 deseri,

134 2131 201 2174 non
224 2109 390 2176 consulem
406 2112 542 2195 senatui,
566 2112 622 2175 sed
640 2123 786 2177 senatum
802 2111 927 2176 consuli
943 2112 1071 2191 deesse3
1094 2114 1266 2195 graviores

135 2197 240 2280 accipi
271 2195 371 2280 leges,
403 2219 501 2283 quam
533 2198 567 2260 in
594 2197 693 2262 Sacro
725 2207 835 2262 monte
866 2206 1020 2283 acceptae
1051 2198 1125 2262 sint.
1158 2200 1265 2264 victus

134 2291 245 2346 tamen
267 2292 397 2366 patrum
420 2305 579 2347 consensu
602 2285 733 2370 quievit.
757 2283 813 2348 lex
835 2283 961 2347 silentio
984 2283 1157 2368 perfertur.

95 2392 109 2439 1
222 2406 224 2411 ·
237 2368 360 2432 LVIII.
376 2368 460 2432 Tum
476 2370 616 2455 primum
631 2369 758 2433 tributis
773 2371 909 2434 comitiis
925 2371 1026 2434 creati
1039 2369 1165 2434 tribuni
1180 2379 1264 2435 sunt.

133 2475 270 2518 numero
304 2455 401 2518 etiam
429 2455 559 2538 additos
590 2465 666 2540 tres,
697 2456 833 2539 perinde
856 2478 894 2520 ac
918 2456 981 2519 duo
1009 2465 1105 2520 antea
1131 2456 1263 2539 fuerint,

96 2551 111 2598 a
134 2539 210 2604 Piso
234 2550 348 2605 auctor
371 2549 438 2604 est.
457 2543 602 2604 nominat
625 2563 755 2628 quoque
777 2540 933 2626 tribunos,
962 2539 1020 2606 Cn.
1043 2540 1197 2626 Siccium,
1223 2541 1264 2606 L.

133 2625 363 2709 Numitorium,
386 2626 431 2695 M.
454 2626 632 2709 Duellium,
656 2626 711 2712 Sp.
733 2627 871 2710 Icilium,
894 2627 931 2690 L.
955 2625 1132 2691 Mecilium.

94 2723 110 2770 a
240 2711 394 2775 Volscum
417 2713 666 2798 Aequicumque
692 2715 776 2778 inter
798 2713 989 2778 seditionem
1009 2713 1192 2777 Romanam
1215 2722 1266 2777 est

133 2794 258 2861 bellum
275 2807 430 2862 coortum.
447 2808 655 2862 vastaverant
670 2821 776 2883 agros,
798 2808 844 2883 ut,
868 2800 893 2862 si
910 2821 975 2885 qua
991 2800 1133 2864 secessio
1156 2798 1265 2884 plebis

133 2882 238 2965 fieret,
273 2883 315 2945 ad
347 2905 382 2946 se
408 2893 578 2969 receptum
609 2884 760 2966 haberet3
795 2886 982 2969 compositis
1014 2884 1134 2950 deinde
1163 2884 1264 2949 rebus

92 2981 110 3030 4
133 2978 241 3032 castra
255 2977 343 3032 retro
359 2991 501 3044 movere.
517 2970 580 3054 Ap.
591 2969 747 3035 Claudius
761 2972 793 3034 in
809 2969 947 3036 Volscos
961 2971 1089 3053 missus,
1109 2969 1263 3049 Quinctio

134 3054 242 3138 Aequi
264 3055 432 3139 provincia
448 3057 565 3120 evenit.
589 3058 704 3121 eadem
726 3058 758 3119 iu
774 3056 887 3121 militia
902 3058 1039 3123 saevitia
1052 3057 1155 3143 Appi,
1201 3078 1263 3120 uae

93 3154 110 3203 ι
135 3141 233 3224 domi,
251 3163 332 3224 esse,
348 3139 492 3225 liberior,
515 3142 602 3227 quod
619 3145 687 3207 sine
702 3143 882 3208 tribuniciis
897 3143 1033 3208 vinculis
1050 3154 1130 3207 erat.
1154 3079 1264 3207 odisse

134 3225 265 3312 plebem
289 3226 362 3313 plus
386 3249 484 3312 quam
500 3237 636 3312 paterno
660 3230 749 3294 odio:
773 3252 808 3294 se
830 3230 950 3294 victum
972 3229 1012 3293 ab
1037 3251 1085 3314 ea,
1108 3250 1144 3293 se
1166 3230 1262 3293 unico

124 3312 267 3376 'consule
302 3312 407 3377 electo
436 3315 595 3379 adversus
622 3315 827 3379 tribuniciam
862 3325 1075 3400 postestatem
1101 3312 1262 3399 perlatam

135 3397 241 3483 legem
267 3422 348 3474 esse,
372 3421 469 3483 quam
493 3402 618 3465 minore·
641 3411 767 3484 conatu,
789 3423 995 3487 nequaquam
1017 3410 1109 3464 tanta
1130 3412 1263 3486 patrum

92 3500 203 3570 ospe,
234 3486 361 3569 priores
394 3486 602 3571 impedierint
635 3487 795 3551 consules.
828 3487 909 3551 haec
940 3489 989 3551 ira
1018 3487 1263 3573 indignatioque

131 3570 274 3634 ferocem
307 3573 448 3635 animum
482 3573 524 3636 ad
556 3573 744 3636 vexandum
776 3595 875 3638 saevo
912 3573 1048 3660 imperio
1081 3575 1262 3638 exercitum

89 3672 105 3722 't
132 3655 329 3720 stimulabat.
361 3679 422 3721 nec
453 3657 520 3721 ulla
550 3659 584 3721 vi
616 3659 741 3724 domari
768 3668 909 3745 poterat3
940 3670 1066 3724 tantum
1097 3668 1261 3724 certamen

132 3744 246 3806 animis
270 3741 463 3806 inbiberant.
486 3746 637 3827 segniter,
654 3747 766 3828 otiose,
781 3745 1002 3830 neglegenter,
1026 3747 1262 3810 contumaciter

127 3829 237 3889 omnia
261 3849 376 3910 agere;
398 3849 460 3893 nec
483 3829 590 3916 pudor
612 3852 673 3895 nec
694 3842 800 3896 metus
824 3832 1013 3914 cosmetae
1040 3832 1067 3895 si
1090 3832 1187 3897 citius
1209 3831 1259 3915 agi
