2738 4146
358 94 468 145 amna
485 95 534 146 un
553 94 629 146 our.
647 97 690 149 so.
710 98 752 148 ω.
771 95 804 164 [a
824 95 855 148 u.
875 112 898 147 e
917 96 987 166 soal.
1208 85 1270 143 225

89 265 206 348 verbis,
230 267 322 331 cuius
343 268 436 332 iussu
458 277 566 332 castra
589 268 819 346 deseruissent,
843 278 900 334 aut
915 269 993 356 quid
1009 269 1071 333 sibi
1087 268 1218 354 vellent,

90 354 142 442 qui
164 354 284 418 armati
306 351 506 419 Aventinum
528 353 734 420 obsedissent
755 354 909 441 belloque
930 377 1046 420 averso
1063 356 1104 419 ab
1119 355 1219 420 hosti-

88 439 147 505 bus
170 439 311 525 patriam
334 461 427 505 suam
443 441 617 525 cepissent.
633 463 697 506 non
714 441 826 522 defuit,
844 442 932 527 quod
948 442 1219 529 responderetur3
1239 458 1272 507 lo

90 527 211 609 deerat,
235 526 293 612 qui
315 525 409 591 daret
430 548 623 612 responsum
645 525 815 592 nullodum
837 538 927 594 certo
953 528 1035 593 duce
1059 549 1120 593 nec
1141 530 1219 592 satis

89 611 283 678 audentibus
307 612 442 697 singulis
464 613 607 678 invidiae
629 637 664 678 se
688 613 814 678 offerre.
842 614 875 677 id
909 613 1009 680 modo
1033 635 1053 676 a
1075 614 1219 680 multitu·

90 700 162 764 dine
185 697 423 763 conclamatum
447 707 507 782 est,
541 710 576 763 ut
603 699 642 764 L.
664 698 833 764 Valerium
856 709 889 765 et
910 700 956 764 Μ.
980 699 1155 766 Horatium
1178 701 1221 765 ad

90 806 123 851 se
144 785 328 850 mitterent:
352 786 391 850 iis
413 807 449 850 se
473 786 606 851 daturos
628 808 831 871 responsum.

189 867 248 936 Ll.
270 870 425 935 Dimissis
455 869 571 957 legatis
594 872 748 937 admonet
781 869 900 936 milites
922 870 1097 955 Verginius
1127 871 1161 934 in
1183 893 1219 936 re
1240 890 1253 938 1

91 978 151 1022 non
174 956 321 1021 maxima
342 955 440 1042 paulo
464 968 539 1022 ante
569 959 767 1043 trepidatum
790 977 873 1039 esse,
906 958 982 1043 quia
1013 959 1082 1022 sine
1114 959 1219 1044 capite

90 1043 262 1108 multitudo
285 1042 392 1125 fuerit,
428 1065 696 1131 responsumque,
735 1065 932 1130 quamquam
955 1065 1020 1107 non
1051 1042 1218 1126 inutiliter,

90 1129 221 1194 fortuito
244 1138 355 1194 tamen
376 1129 479 1211 magis
503 1152 662 1195 consensu
686 1153 783 1216 quarn
807 1130 971 1193 communi
987 1128 1120 1194 consilio
1138 1151 1220 1193 esse.
1311 1164 1317 1177 ·

110 1214 221 1281 lacere
237 1215 352 1280 decem
370 1217 485 1298 creari,
509 1218 564 1303 qui
579 1239 725 1281 summae
744 1219 791 1281 rei
807 1225 1008 1303 praeessent,
1024 1214 1222 1302 militarique
1240 1230 1257 1277 a

90 1238 214 1367 honore
251 1301 400 1366 tribunos
437 1301 575 1367 militum
612 1301 781 1389 appellari.
828 1324 901 1367 cum
932 1302 973 1365 ad
1007 1323 1081 1365 eum
1113 1303 1256 1386 ipsuma

91 1390 232 1474 primum
262 1389 290 1451 is
321 1387 426 1454 honos
458 1388 650 1473 deferretur,
683 1386 892 1470 „melioribus
925 1388 1006 1452 meis
1037 1390 1154 1452 vestris
1181 1409 1221 1452 ue

90 1474 188 1539 rebus
210 1474 397 1539 reservate“
421 1474 527 1561 inquit
549 1475 632 1556 „ista
653 1474 695 1538 de
716 1496 771 1539 me
792 1474 926 1554 iudicia3
962 1496 1024 1537 nec
1052 1473 1132 1538 mihi
1154 1409 1257 1540 illias
1301 1483 1305 1494 “

91 1559 194 1625 inulta
215 1559 375 1625 honorem
395 1558 499 1625 ullum
520 1561 698 1625 iucundum
729 1582 801 1625 esse
823 1560 957 1645 patitur,
989 1581 1050 1623 nec
1080 1561 1114 1623 in
1146 1582 1220 1645 per-

91 1646 222 1712 turbata
242 1668 279 1711 re
301 1645 435 1732 publica
458 1668 515 1711 eos
537 1646 617 1712 utile
640 1655 691 1711 est
712 1667 866 1732 praeesse
880 1644 985 1725 vobis,
1010 1647 1064 1730 qui
1079 1646 1223 1731 proximi

91 1733 232 1799 invidiae
253 1733 327 1798 sint.
351 1732 377 1797 si
401 1733 474 1819 quis
495 1755 575 1799 usus
598 1733 662 1798 mei
686 1743 744 1813 est,
770 1730 870 1796 nihilo
893 1731 999 1795 minor
1021 1753 1063 1796 ex
1092 1734 1257 1817 privatoo

92 1819 270 1906 capietur“.
292 1821 339 1883 ita
360 1818 474 1883 decem
496 1840 633 1883 numero
655 1819 803 1884 tribunos
831 1814 988 1881 militares
1012 1827 1135 1882 creant.
1241 1841 1257 1889 e

191 1904 309 1991 Neque
331 1904 363 1968 in
387 1903 515 1970 Sabinis
538 1906 662 1989 quievit
684 1905 856 1970 exereitus.
880 1902 926 1967 ibi
942 1925 1073 1990 quoque
1088 1911 1257 1974 auctore-1

91 1989 182 2056 Icilio
205 1989 455 2077 Numitorioque
487 1993 629 2056 secessio
660 1990 702 2055 ab
735 1989 928 2055 decemviris
960 1989 1047 2054 facta
1081 2001 1222 2055 estnon

91 2078 215 2142 minore
249 2085 340 2142 motu
373 2078 555 2142 animorum
587 2075 683 2142 Siccii
718 2077 828 2142 caedis
864 2079 1023 2141 memoria
1053 2086 1220 2156 renovata,

93 2185 187 2249 quam
211 2184 309 2249 quem
332 2185 420 2227 nova
440 2163 528 2227 fama
550 2164 591 2228 de
613 2165 740 2247 virgine
762 2163 844 2227 adeo
867 2162 963 2227 foede
989 2163 1029 2227 ad
1053 2161 1222 2228 libidinem

90 2250 191 2332 petita
213 2249 418 2314 accenderat.
455 2248 576 2333 Icilius,
608 2249 665 2315 ubi
698 2249 823 2314 audivit
853 2248 1003 2313 tribunos
1032 2247 1167 2313 militum
1189 2249 1256 2322 ins

91 2334 255 2401 Aventino
278 2345 417 2419 creatos,
449 2356 492 2399 ne
516 2337 719 2400 comitiorum
742 2334 930 2398 militarium
959 2336 1222 2418 praerogativam

90 2422 214 2487 urbana
236 2422 368 2486 comitia
388 2421 504 2486 iisdem
526 2420 665 2487 tribunis
688 2420 793 2507 plebis
823 2419 972 2485 creandis
995 2429 1221 2506 sequerentur,

90 2509 213 2593 peritus
235 2529 345 2572 rerum
368 2507 574 2593 popularium
596 2509 834 2593 imminensque
857 2506 887 2570 ei
908 2506 1063 2591 potestati
1087 2515 1120 2571 et
1141 2504 1258 2589 ipsae

90 2595 280 2695 priusquam
303 2594 406 2658 iretur
428 2594 470 2658 ad
486 2594 613 2675 urbem,
626 2595 699 2680 pari
714 2601 878 2679 potestate
893 2591 1034 2656 eundem
1049 2614 1222 2656 numerum

90 2679 129 2745 ab
152 2702 221 2746 sura
243 2678 422 2744 creandum
444 2672 549 2745 burat.
573 2690 669 2766 porta
691 2678 819 2745 Collina
839 2677 955 2742 urbem
979 2677 1142 2743 intravere
1158 2677 1220 2742 sub
1240 2701 1274 2751 ιο

90 2768 188 2851 signis
211 2765 386 2853 mediaque
400 2766 483 2831 urbe
499 2767 627 2851 agmine
643 2765 675 2829 in
691 2763 891 2830 Aventinum
908 2775 1060 2849 pergunt.
1083 2763 1130 2828 ibi
1146 2786 1221 2829 con·

89 2853 189 2918 iuncti
226 2849 320 2916 alteri
357 2853 516 2917 exercitui
552 2852 668 2936 viginti
704 2851 842 2917 tribunis
880 2849 1019 2915 militum
1056 2853 1221 2934 negotium

90 2938 260 3017 dederunt,
292 2947 329 3003 ut
362 2960 405 3003 ex
433 2960 492 3003 suo
525 2959 661 3003 numero
697 2938 778 3001 duos
806 2945 964 3019 crearent,
997 2937 1053 3022 qui
1075 2958 1221 3001 summae

88 3046 196 3091 rerum
219 3035 418 3109 praeessent.
441 3025 487 3090 M.
510 3022 668 3111 Oppium,
691 3023 768 3090 Sex.
791 3021 960 3086 Manilium
983 3033 1103 3086 creant.

190 3110 305 3174 Patres
328 3109 457 3175 solliciti
481 3111 522 3175 de
545 3133 672 3175 summa
693 3130 813 3190 rerum,
838 3130 913 3172 cum
937 3116 1069 3172 senatus
1103 3107 1222 3172 cotidie
1240 3127 1272 3176 11

89 3207 184 3280 esset,
207 3198 321 3280 iurgiis
343 3198 473 3297 saepius
496 3206 606 3260 terunt
636 3206 768 3281 tempus
802 3216 899 3282 quam
932 3192 1084 3257 consiliis.
1124 3191 1223 3294 §iccii
1240 3215 1274 3263 12

89 3284 209 3349 caedes
233 3282 427 3348 decemvins
459 3291 492 3347 et
513 3281 667 3433 ²bqupiana
697 3281 800 3344 libido
832 3289 865 3345 et
897 3279 1061 3344 dedecora
1088 3277 1222 3344 mrhtrae

88 3369 325 3436 obiciebantur.
349 3369 502 3454 placebat
590 3370 693 3433 erium
715 3367 954 3452 Horatiumque
985 3365 1034 3429 ire
1056 3366 1089 3429 in
1113 3365 1222 3429 Aven-

87 3458 201 3522 tinum.
239 3454 286 3519 illi
316 3455 481 3539 negabant
511 3475 547 3519 se
579 3453 675 3518 aliter
705 3455 817 3534 ituros,
851 3473 949 3538 quam
984 3452 1011 3515 si
1045 3451 1222 3516 decemviri

87 3543 291 3630 deponerent
319 3542 457 3625 insignia
490 3540 699 3624 magistratus
723 3541 802 3620 eius,
835 3559 899 3625 quo
934 3559 1018 3602 anno
1049 3538 1113 3601 iam
1146 3546 1222 3602 ante

87 3629 242 3694 abissent.
274 3627 451 3692 decemviri
474 3635 647 3713 querentes
671 3648 707 3690 se
727 3627 761 3689 in
785 3625 931 3689 ordinem
954 3623 1035 3706 cogi,
1059 3644 1125 3686 non
1147 3632 1222 3687 ante
1241 3645 1274 3694 η

87 3737 186 3804 quam
209 3712 344 3800 perlatis
367 3712 504 3797 legibus,
538 3733 676 3799 quarum
700 3732 798 3776 causa
821 3709 923 3775 creati
946 3719 1066 3788 essent,
1091 3708 1221 3793 deposi-

87 3811 178 3867 turos
201 3800 372 3886 imperium
398 3822 432 3865 se
457 3797 596 3864 aiebant¹

127 3905 151 3940 r.
162 3904 207 3938 mv.
218 3902 256 3945 nr,
267 3899 301 3943 rr,
313 3901 344 3936 m
1145 3894 1184 3940 hh
