2738 4146
99 105 140 162 24
352 115 461 164 ninus
479 116 500 164 1.
520 114 595 165 cnr.
615 117 657 165 ne.
677 118 718 166 ar.
739 114 772 182 [a.
790 115 823 166 u.
842 131 865 166 ο.
884 117 1013 183 sta-114]

153 288 291 370 vidistis,
316 285 469 368 Quirites,
498 309 572 351 eum
595 287 655 351 sub
678 287 770 350 furca
792 287 938 351 vinctum
970 289 1054 350 inter
1076 287 1218 351 verbera
1252 300 1285 351 et

155 376 317 439 cruciatus
339 374 452 437 videre
499 371 631 437 otestis‘?
664 374 752 458 quod
775 373 832 436 vix
854 372 1059 437 Albanorum
1096 373 1182 437 oculi
1216 383 1284 437 tam

101 481 129 528 11
153 460 298 524 deforme
321 395 545 546 spectaculum
566 459 651 523 ferre
667 468 808 543 possent.
832 461 851 531 i,
874 458 977 537 lictor,
1003 458 1129 543 conliga
1152 483 1282 543 manus,

152 569 236 632 quae
258 545 355 630 paulo
378 555 452 610 ante
475 555 617 611 armatae
639 547 810 630 imperium
834 544 956 630 populo
972 545 1118 608 Romano
1141 569 1281 631 pepere-

150 642 235 696 runt.
259 633 280 713 i,
304 642 403 716 caput
435 630 565 695 obnube
588 631 771 695 liberatoris
804 631 895 695 urbis
919 631 1030 712 huius3
1059 631 1178 697 arbore
1201 633 1282 696 infe·

150 717 204 782 lici
227 719 406 801 suspende3
428 716 568 781 verbera
590 716 643 782 vel
665 720 751 780 intra
773 719 965 802 pomerium,
990 717 1086 781 modo
1109 720 1194 783 inter
1227 717 1283 782 illa

150 805 217 891 pila
251 814 283 867 et
306 803 409 888 spolia
432 804 583 886 hostium,
621 802 675 868 vel
713 813 808 867 extra
830 804 1021 888 pomerium,
1059 804 1158 868 modo
1195 805 1283 869 inter

151 889 301 976 sepulcra
325 889 553 955 Curiatiorum.
586 912 649 974 quo
685 891 770 953 enim
795 890 915 954 ducere
939 890 1023 953 huno
1045 890 1197 955 iuvenem
1226 914 1283 976 po·

150 979 252 1058 testis,
285 976 341 1040 ubi
363 997 428 1039 non
451 997 510 1040 sua
534 976 653 1040 decora
686 998 759 1039 eum
784 999 803 1039 a
826 986 915 1039 tanta
947 976 1104 1040 foeditate
1128 975 1283 1063 supplicii

77 1069 132 1133 sn
151 1059 356 1129 vindicent?“
381 1084 447 1126 non
469 1061 542 1124 tulit
557 1061 698 1147 populus
721 1084 781 1126 nec
804 1064 907 1148 patris
922 1061 1074 1126 lacrimas
1096 1085 1158 1126 nec
1180 1064 1282 1147 ipsius

150 1171 264 1235 parem
279 1149 313 1212 in
329 1151 416 1212 omni
432 1146 578 1231 periculo
597 1150 749 1230 animum,
773 1148 1051 1233 absolveruntque
1066 1149 1283 1214 admiratione

151 1237 253 1318 magis
269 1235 399 1299 virtutis
423 1257 520 1320 quam
545 1236 613 1298 iure
630 1255 756 1298 causae.
780 1237 901 1320 itaque,
924 1245 960 1298 ut
977 1235 1095 1298 caedes
1111 1235 1284 1300 manifesta

151 1321 260 1405 aliquo
284 1330 393 1386 tamen
415 1319 543 1405 piaculo
566 1318 720 1401 lueretur,
757 1322 951 1405 imperatum
984 1322 1078 1406 patri,
1111 1331 1147 1384 ut
1179 1320 1283 1386 filium

100 1432 132 1480 13
153 1409 301 1492 expiaret
323 1408 463 1492 pecunia
485 1405 627 1491 publica.
661 1408 689 1470 is
714 1407 907 1491 quibusdam
930 1406 1153 1492 piacularibus
1186 1409 1282 1471 sacri·

150 1494 233 1557 ficiis
255 1493 359 1575 factis,
385 1515 467 1577 quae
492 1493 610 1558 deinde
632 1493 721 1575 genti
744 1493 901 1557 Horatiae
924 1493 1044 1556 tradita
1067 1502 1151 1574 sunt,
1175 1504 1280 1558 trans·

151 1582 248 1643 misso
283 1581 449 1665 perviam
481 1577 585 1663 tigillo
621 1580 728 1664 capite
761 1580 919 1664 adoperto
954 1579 1044 1644 velut
1076 1580 1136 1642 sub
1168 1581 1282 1664 iugum

151 1666 238 1729 misit
260 1667 421 1729 iuvenem.
453 1664 488 1727 id
515 1664 613 1728 hodie
636 1687 767 1749 quoque
800 1665 931 1750 publice
964 1688 1092 1748 semper
1124 1665 1283 1730 refectum
1334 1711 1338 1714 -

99 1764 133 1811 14
151 1762 273 1832 manet3
306 1753 464 1816 sororium
488 1750 626 1834 tigillum
651 1762 779 1815 vocant.
803 1752 960 1816 Horatiae
983 1750 1179 1836 sepulcrum,
1216 1774 1288 1838 quo

151 1837 224 1902 loco
248 1848 415 1901 corruerat
436 1840 511 1917 icta,
534 1847 753 1902 constructum
779 1848 829 1901 est
852 1860 930 1902 saxo
955 1837 1126 1923 quadrato.

80 1925 130 1991 idn
252 1923 397 1987 XXVII.
429 1923 500 1987 Nec
534 1924 589 1986 diu
622 1945 689 2009 pax
711 1923 841 1988 Albana
869 1925 994 1988 mansit.
1026 1924 1150 1989 invidia
1180 1921 1285 2008 vulgi,-

100 2012 103 2018 ’
151 2010 239 2096 quod
256 2009 360 2074 tribus
375 2008 532 2074 militibus
548 2009 679 2073 fortuna
693 2009 826 2095 publica
842 2011 1015 2074 commissa
1029 2010 1144 2091 fuerat,
1159 2032 1283 2076 vanum

149 2096 314 2178 ingenium
339 2096 504 2160 dictatoris
529 2097 673 2182 corrupit
696 2106 737 2178 et,
763 2099 915 2182 quoniam
931 2107 1022 2159 recta
1038 2097 1171 2161 consilia
1192 2097 1283 2161 haud

149 2181 234 2246 bene
252 2192 438 2260 evenerant,
454 2183 565 2267 pravis
575 2181 785 2246 reconciliare
800 2181 1007 2268 popularium
1024 2183 1147 2246 animos
1164 2185 1280 2269 coepit.

116 2283 131 2330 2
150 2269 257 2352 igitur,
282 2277 318 2332 ut
332 2269 423 2354 prins
446 2269 479 2331 in
494 2267 581 2332 bello
598 2290 724 2353 pacem,
749 2270 795 2332 sio
817 2271 849 2332 in
871 2291 953 2354 pace
969 2268 1091 2333 bellum
1109 2291 1281 2355 quaerens,

151 2355 227 2439 quia
258 2377 336 2419 suae
369 2354 493 2418 civitati
523 2356 702 2417 animorum
739 2355 813 2440 plus
846 2377 944 2440 quam
974 2357 1090 2419 virium
1126 2354 1284 2420 cernebat

151 2463 233 2521 esse,
256 2441 298 2504 ad
322 2440 443 2505 bellum
466 2438 576 2523 palam
599 2450 697 2526 atque
721 2465 762 2504 ex
786 2442 893 2505 edicto
910 2442 1092 2524 gerundum
1109 2441 1189 2506 alios
1206 2463 1281 2506 con·

150 2529 227 2591 citat
250 2527 399 2612 populos,
423 2528 489 2592 suis
538 2550 572 2591 er
596 2528 740 2612 speciem
764 2528 926 2592 societatis
942 2529 1160 2612 proditionem
1176 2551 1281 2593 reser-

115 2623 214 2677 avat.
250 2613 435 2696 Fidenates,
472 2550 599 2678 colonia
620 2612 778 2695 Romana,
802 2614 996 2678 Veientibus
1028 2615 1124 2679 sociis
1157 2613 1282 2679 consilii

149 2699 331 2785 adsumptis
365 2709 461 2784 pacto
493 2700 691 2763 transitionis
719 2699 922 2765 Albanorum
956 2701 998 2764 ad
1029 2700 1152 2764 bellum
1182 2711 1215 2765 at
1241 2725 1282 2766 ue

113 2803 239 2851 4arma
274 2788 457 2850 incitantur.
504 2807 576 2848 cum
611 2785 758 2850 Fidenae
796 2797 908 2872 aperte
946 2787 1134 2869 descissent,
1166 2724 1281 2852 Tullus

146 2872 261 2937 Mettio
286 2875 500 2959 exercituque
524 2873 592 2936 eius
616 2870 656 2934 ab
672 2870 761 2935 Alba
783 2874 885 2937 accito
910 2882 1023 2936 contra
1045 2873 1156 2937 hostes
1182 2874 1281 2940 ducit.

146 2958 204 3022 ubi
228 2958 389 3023 Anienem
411 2958 547 3040 transiit,
583 2958 624 3021 ad
648 2958 847 3024 confluentes
882 2954 1020 3023 colldcat
1043 2971 1159 3023 castra.
1196 2961 1282 3025 inter

147 3068 221 3108 eum
245 3044 353 3109 locum
382 3054 415 3109 et
437 3044 577 3108 Fidenas
602 3043 787 3109 Veientium
811 3047 975 3110 exercitus
998 3044 1144 3110 Tiberim
1177 3055 1281 3112 trans·

112 3131 238 3196 cierat.
273 3131 306 3193 hi
334 3133 367 3194 in
390 3131 461 3195 acie
483 3152 589 3215 prope
612 3130 733 3195 flumen
756 3141 891 3196 tenuere
915 3133 1067 3195 dextrum
1098 3153 1213 3215 cornu3
1247 3133 1282 3199 in

146 3219 277 3283 sinistro
295 3218 473 3281 Fidenates
490 3218 625 3302 propius
641 3227 768 3282 montes
785 3219 973 3282 consistunt.
991 3217 1106 3283 Tullus
1123 3219 1281 3285 adversus

146 3304 319 3369 Veientem
355 3305 482 3368 hostem
516 3303 634 3387 derigit
669 3325 754 3386 suos,
792 3303 938 3368 Albanos
971 3314 1084 3368 contra
1117 3305 1281 3389 legionem

144 3391 357 3454 Fidenatium
382 3389 530 3454 collocat.
554 3390 685 3454 Albano
708 3412 775 3455 non
790 3391 864 3477 plus
881 3391 979 3453 animi
996 3402 1065 3455 erat
1081 3414 1178 3478 quam
1193 3391 1281 3458 fidei.

109 3496 208 3542 onec
232 3499 365 3542 manere
389 3498 466 3560 ergo
489 3498 551 3540 nec
572 3479 712 3540 transire
735 3499 753 3539 a
780 3488 849 3542 erte
872 3478 1111 3551 ausus,sensim
1134 3479 1176 3543 ad
1191 3501 1283 3545 mon·

145 3573 195 3628 tes
220 3562 501 3645 succedit;,indc,
534 3563 591 3627 ubi
614 3563 693 3626 satis
717 3500 844 3628 subisse
867 3585 940 3628 sese
971 3573 1061 3629 ratus
1094 3573 1153 3648 est,
1186 3566 1283 3650 erigit

144 3657 250 3714 totam
273 3651 377 3713 aciem
402 3649 628 3735 fluctuansque
651 3649 769 3726 animo,
793 3660 829 3714 ut
850 3659 971 3715 tereret
992 3658 1133 3738 tempus,
1151 3650 1283 3721 ordines

143 3735 297 3822 explicat.
325 3733 495 3799 consilium
519 3747 598 3816 erat,
623 3757 687 3821 qua
709 3735 840 3800 fortuna
854 3758 924 3800 rem
940 3735 1046 3819 daret,
1070 3736 1283 3807 minelum

106 3824 237 3888 tvires.
260 3820 418 3888 miraculo
442 3822 547 3907 primo
572 3844 644 3886 esse
666 3822 832 3904 Romanis,
856 3823 912 3908 qui
933 3822 1086 3909 proximi.
1103 3832 1281 3915 Mutat,
