2738 4146
355 137 464 189 urana
480 137 566 189 xxn.
585 138 660 188 oar.
678 141 720 190 ss.
738 137 828 206 sona
846 139 916 192 uc.
933 139 1004 207 saar.
1212 125 1275 184 203

90 320 189 395 atque
212 310 352 396 imperio
377 319 510 374 certare.
544 320 577 372 et
607 319 717 394 patres
744 311 855 374 virtuti
878 310 1044 374 Romanae
1075 311 1222 391 cessisse,

92 406 123 461 et
148 419 184 460 se
207 396 242 458 id
266 395 379 477 adniti,
412 405 449 459 ut
471 416 548 458 suae
570 397 602 458 in
634 396 738 458 vicem
772 395 868 458 simul
890 396 1034 460 felicitati
1058 405 1090 461 et
1112 398 1224 461 virtuti

93 483 241 546 cedatur.
264 484 375 566 itaque
390 480 573 546 redimendi
589 503 624 544 se
640 483 778 567 captivis
794 484 920 567 copiam
936 483 1061 565 facere3
1084 485 1223 567 pretium
1245 500 1261 548 4

88 569 159 633 fore
174 569 209 631 in
228 568 337 653 capita
353 568 454 654 equiti
469 568 649 653 quingenos
666 568 877 652 quadrigatos
893 589 1052 647 nummos,
1075 578 1224 634 trecenos

89 655 202 740 pediti,
236 675 333 718 servo
367 663 530 717 centenos.
568 674 765 739 quamquam
796 653 996 739 aliquantum
1023 654 1262 721 adiciebaturo

90 741 256 828 equitibus
279 739 322 803 ad
345 739 379 803 id
402 740 553 825 pretium,
586 761 650 825 quo
674 740 868 825 pepigerant
890 740 1047 804 dedentes
1071 763 1116 818 se,
1148 740 1224 805 laeti

67 837 198 911 tamen
242 847 480 912 quamcumque
525 826 749 891 condicionem
793 827 979 912 paciscendi
1017 838 1222 911 acceperunt.

89 913 212 998 placuit
249 911 403 996 suffragio
439 913 584 997 ipsorum
622 912 738 975 decem
775 911 883 995 deligi,
922 913 977 999 qui
1007 911 1144 976 Romam
1182 914 1259 976 adu

90 1008 239 1064 senatum
262 1000 357 1075 irent,
395 1018 456 1062 nee
477 998 595 1083 pignus
618 996 704 1060 aliud
729 996 817 1080 fidei,
842 1020 938 1083 quam
962 1008 998 1061 ut
1020 1001 1165 1061 iurarent
1188 1022 1240 1070 se,

88 1085 264 1149 redituros.
293 1093 474 1169 acceptum.
506 1085 624 1147 missus
647 1106 719 1147 cum
744 1084 793 1148 his
817 1082 983 1167 Carthalo,
1004 1084 1122 1148 nobilis
1146 1083 1257 1150 Car-t

89 1171 314 1255 thaginiensis,
338 1170 406 1255 qui,
429 1171 456 1234 si
478 1169 561 1233 forte
585 1169 627 1232 ad
649 1192 765 1255 paoem
789 1169 959 1234 inclinaret
981 1172 1116 1251 animus,
1149 1193 1223 1235 con·

90 1258 238 1322 diciones
269 1254 379 1320 ferret.
417 1277 491 1319 oum
523 1255 646 1337 egressi
678 1257 792 1320 castris
824 1266 941 1337 essent,
979 1279 1062 1320 unus
1095 1279 1137 1320 ex
1173 1258 1258 1340 iis,8

91 1345 226 1408 minime
250 1341 389 1406 Romani
412 1342 532 1426 ingenii
558 1338 665 1424 homo,
697 1341 798 1406 veluti
830 1341 952 1428 aliquid
985 1341 1114 1426 oblitus,
1146 1344 1223 1406 iuris

93 1429 226 1493 iurandi
249 1426 399 1492 solvendi
422 1450 520 1492 causa
543 1450 616 1491 cum
640 1429 672 1491 in
696 1439 802 1492 castra
823 1430 973 1509 redisset,
999 1437 1072 1492 ante
1095 1439 1223 1493 noctem

90 1516 228 1580 comites
252 1514 452 1600 adsequitur.
476 1513 532 1577 uhi
555 1515 690 1578 Romam
717 1516 829 1578 venire
861 1537 917 1579 eos
949 1518 1130 1578 nuntiatum
1163 1524 1260 1596 est,9

90 1600 284 1666 Carthaloni
307 1600 435 1663 obviam
459 1599 553 1665 lictor
583 1602 711 1681 missus,
735 1601 791 1686 qni
814 1600 980 1665 dictatoris
1003 1601 1114 1665 verbis
1143 1623 1223 1665 nun·

90 1690 198 1769 tieret,
222 1695 260 1749 ut
281 1696 356 1750 ante
379 1696 507 1750 noctem
530 1686 706 1750 excederet
727 1686 846 1750 finibus
868 1686 1032 1750 Romanis.

194 1771 286 1837 LIX.
310 1771 443 1856 Legatis
475 1772 677 1857 captivorum
708 1782 839 1837 senatus
871 1773 911 1836 ab
941 1772 1099 1836 dictatore
1128 1771 1222 1836 datus
1248 1789 1257 1833 1

91 1869 149 1924 est.
184 1880 325 1944 quorum
357 1860 507 1943 princeps
543 1858 605 1923 “M.
633 1858 706 1921 Iuni
731 1881 867 1944 vosque,
894 1857 1220 1944 pat1·esconsoripti“

90 1945 206 2030 inquit,
233 1964 349 2019 ,nemo
371 1954 517 2008 nostrum
540 1945 667 2027 ignorat
687 1943 768 2008 nulli
790 1966 944 2030 umquam
961 1945 1082 2009 civitati
1092 1944 1223 2009 viliores

89 2031 190 2095 fuisse
213 2032 361 2115 captivos
384 2053 480 2117 quam
504 2042 647 2094 nostrae:
672 2041 827 2114 ceterum,
850 2033 910 2094 nisi
933 2031 1026 2096 nobis
1050 2030 1122 2117 plus
1138 2032 1261 2095 iusto‘r

92 2125 206 2181 nostra
226 2114 336 2202 placet
358 2138 465 2199 causa,
480 2137 544 2180 non
560 2115 613 2180 alii
629 2139 783 2203 umquam
798 2119 904 2180 minus
920 2117 1113 2200 neglegendi
1130 2118 1224 2181 vohis

91 2224 192 2287 qnam
213 2223 274 2266 nos
296 2203 333 2269 in,
351 2201 491 2267 hostium
514 2211 711 2287 potestatem
734 2212 902 2267 venerunt.
925 2205 1090 2267 nonenim
1107 2205 1140 2266 in
1155 2205 1224 2266 acie
1245 2218 1260 2264 3

90 2311 150 2375 per
181 2288 332 2352 timorem
363 2311 453 2352 arma
478 2290 682 2370 tradidimus,
710 2290 779 2369 sed,
808 2311 880 2352 eum
904 2312 1008 2374 prope
1030 2291 1071 2351 ad
1095 2298 1224 2353 noctem

91 2384 314 2460 superstantes
347 2373 492 2439 'cumulis
533 2397 700 2440 caesorum
741 2397 916 2460 corporum
961 2374 1119 2458 proelium
1168 2398 1224 2438 ex·

88 2463 314 2542 traxissemus,
330 2461 363 2536 in
379 2471 487 2525 castra
497 2463 679 2546 recepimus
696 2484 764 2528 nos.
784 2463 847 2525 diei
863 2459 1023 2546 reliquum
1039 2483 1078 2524 ac
1093 2470 1223 2524 noctem
1243 2475 1261 2522 4

92 2548 320 2633 insequentem
341 2546 419 2612 fessi
441 2546 554 2612 labore
576 2570 615 2612 ac
636 2547 825 2612 vulneribus
848 2546 969 2611 vallum
993 2569 1102 2610 sumus
1118 2549 1221 2610 tutati.

88 2642 224 2718 postero
243 2632 311 2716 die,
335 2655 408 2697 cum
430 2634 635 2697 circumsessi
658 2633 699 2697 ab
724 2635 871 2698 exercitu
894 2636 1016 2697 victore
1036 2654 1122 2716 aqua
1136 2654 1223 2697 arce·
1242 2648 1280 2697 ttr

89 2740 215 2806 remur,
241 2740 304 2782 nec
332 2716 400 2783 ulla
430 2720 495 2783 iam
522 2742 582 2804 per
609 2720 771 2784 confertos
799 2719 908 2783 hostes
933 2720 1124 2805 erumpendi
1147 2742 1223 2805 spes

90 2815 190 2884 esset,
212 2826 275 2869 neo
299 2826 370 2869 esse
392 2807 485 2870 nefas
508 2805 701 2870 duceremus
725 2807 959 2892 quinquaginta
974 2806 1104 2870 milibus
1121 2805 1223 2871 homi-

87 2914 167 2956 num
200 2912 244 2955 ex
274 2891 344 2955 acie
370 2900 482 2956 nostra
508 2893 677 2956 trucidatis
701 2891 842 2978 aliquem
866 2915 907 2956 ex
931 2890 1092 2957 Cannensi
1115 2915 1224 2977 pugna
1277 2960 1280 2964 ,

88 2978 272 3042 Romanum
295 2976 429 3042 militem
452 2987 587 3061 restare,
607 2988 683 3043 tunc
699 2979 828 3042 demum
844 2979 931 3062 pacti
947 3001 1057 3042 sumus
1074 2981 1222 3064 pretium,

89 3086 153 3151 quo
176 3063 341 3149 redempti
365 3063 612 3145 dimitteremur,
637 3086 736 3145 arma,
752 3065 784 3126 in
801 3063 919 3150 quihus
935 3064 1015 3127 nihil
1030 3066 1093 3127 iam
1110 3064 1222 3126 auxilii
1245 3080 1260 3127 6

90 3161 168 3230 erat,
201 3149 289 3214 hosti
318 3150 521 3214 tradidimus.
554 3151 693 3215 maiores
725 3172 854 3236 quoque
881 3173 1112 3236 acceperamus
1136 3172 1214 3213 sea
1244 3166 1259 3214 7

90 3235 196 3302 Callis
218 3257 300 3300 auro
322 3236 503 3301 redemisse
526 3245 559 3301 et
580 3248 690 3322 patres
713 3247 851 3315 vestros,
875 3237 1073 3321 asperrimos
1090 3233 1163 3299 illos
1179 3237 1220 3298 ad
1249 3243 1251 3249 ’

89 3321 298 3392 condiciones
321 3323 423 3407 pacis,
446 3321 571 3404 legatos
593 3333 703 3386 tamen
726 3325 931 3408 captivorum
954 3322 1220 3386 redimendorum

88 3410 194 3494 gratia
225 3407 405 3472 Tarentum
436 3410 572 3473 misisse.
602 3410 692 3494 atqui
715 3419 747 3473 et
770 3409 809 3472 ad
833 3409 941 3473 Aliam
965 3431 1037 3473 oum
1063 3407 1165 3472 Gallis
1189 3417 1256 3474 et8

88 3497 134 3560 ad.
153 3492 351 3560 Heracleam
387 3517 459 3558 eum
487 3494 616 3574 Pyrrho
641 3504 778 3581 utraque
800 3516 864 3558 non
888 3507 953 3558 tarn
978 3494 1070 3558 clade
1093 3494 1220 3557 infamis

89 3604 187 3733 quarn
216 3601 342 3668 pavore
365 3591 398 3645 et
419 3579 496 3663 fuga
518 3604 627 3668 pugna
649 3581 719 3646 fuit.
744 3580 931 3646 Cannenses
955 3602 1089 3666 campos
1112 3581 1221 3644 acervi

120 3688 317 3733 omanorum
341 3688 514 3752 corporum
539 3677 662 3751 tegunt,
685 3690 746 3731 nec
769 3690 980 3752 supersumus
1003 3688 1142 3752 pugnae,
1158 3667 1220 3731 nisi

89 3755 119 3819 in
142 3754 265 3842 quihus
287 3754 489 3817 trucidandis
513 3762 546 3818 et
566 3755 687 3818 ferrum
713 3763 745 3817 et
766 3756 853 3818 vires
876 3753 1003 3817 hostem
1023 3752 1220 3817 defecerunt.

89 3850 163 3906 sunt
186 3840 285 3905 etiarn
311 3839 353 3903 de
375 3840 494 3912 nostris
519 3841 661 3927 quidam,
686 3841 741 3926 qui
763 3862 805 3905 ne
827 3841 862 3904 in
884 3841 956 3904 acie
972 3839 1233 3926 quidemtuere,
