2738 4146
88 133 130 190 60
390 147 499 204 aranu
516 147 550 197 11.
570 147 646 199 cnr.
666 150 688 197 r.
708 150 732 197 a
753 146 785 213 [a.
803 147 836 197 u.
856 162 877 196 ο.
898 145 967 214 24⁵1.

139 339 202 398 me,
225 315 315 381 illurn
339 319 532 381 acerrimum
548 339 662 400 regum
685 317 824 396 hostem,
847 318 954 400 ipsum
970 315 1156 402 cupiditatis
1179 317 1273 398 regni

88 422 121 470 10
140 403 262 467 crimen
279 402 463 467 subiturum
484 402 654 467 timerem?
678 425 738 487 ego
763 404 789 466 si
811 404 844 465 in
867 404 938 486 ipsa
953 425 1028 466 arce
1045 400 1273 488 Capitolioque

140 489 332 569 habitarem,
360 490 460 553 metui
479 512 532 552 me
556 489 726 553 crederem
749 511 846 572 posse
871 512 891 552 a
919 488 1045 552 civibus
1072 486 1175 553 meis?
1204 500 1273 552 tam

140 575 205 640 levi
227 586 391 639 momento
415 598 489 639 mea
513 576 600 658 apud
624 598 682 638 vos
706 575 791 638 fama
814 574 959 660 pendet?
983 575 1108 639 adeone
1131 584 1180 638 est
1200 574 1272 639 fun-

141 661 218 724 data
240 661 355 725 leviter
376 660 469 741 fides,
493 674 538 737 ut,
562 661 619 724 ubi
642 662 712 742 sim,
737 683 834 746 quam
851 662 906 746 qui
923 662 992 742 sim,
1009 663 1112 744 magis
1127 659 1272 724 referat?

89 766 120 813 11
140 769 204 810 non
233 745 409 810 obstabunt
438 747 475 811 P.
504 745 616 810 Valeri
643 748 741 810 aedes
768 746 911 810 libertati
944 756 1084 828 vestrae,
1109 745 1270 826 Quiritem

140 843 209 897 tuta
232 834 293 896 erit
314 832 407 896 vobis
431 831 534 897 Velia.
575 833 718 896 deferam
741 854 805 896 non
828 834 860 895 in
884 832 1016 918 planum
1037 832 1139 896 modo.
1158 832 1270 910 aedes,

140 920 196 982 sed
222 918 296 982 colli
320 919 415 982 etiam
440 918 607 994 subiciam,
631 929 668 983 ut
690 940 749 983 vos
773 941 872 1004 supra
895 929 1081 1003 suspectum
1096 941 1148 983 me
1165 919 1269 983 civem

139 1005 306 1084 habitetis;
330 1005 362 1066 in
386 1003 480 1068 Velia
502 1003 683 1084 aedificent,
709 1005 826 1088 quibus
849 1003 964 1069 melius
981 1026 1079 1090 quam
1088 1004 1125 1068 P.
1136 1003 1269 1068 Valerio

88 1110 120 1160 12
140 1091 283 1155 creditur
293 1089 457 1155 libertas.“
470 1089 578 1154 delata
586 1091 754 1154 confestim
768 1092 903 1154 materia
920 1093 1023 1154 omnis
1038 1089 1268 1173 inftaVeliam,

139 1186 181 1252 et,
205 1176 262 1240 ubi
284 1197 371 1240 nunc
393 1177 496 1240 Vicae
518 1176 622 1241 Potae
646 1177 744 1241 aedes
768 1186 826 1255 est,
856 1177 971 1241 domus
993 1178 1027 1239 in
1048 1177 1159 1240 intimo
1183 1176 1268 1240 clivo

138 1262 319 1326 aedificata.
1203 1333 1206 1336 y

104 1368 117 1414 1
206 1407 207 1410 ,
242 1348 333 1410 VIII.
358 1347 462 1411 Latae
486 1347 605 1412 deinde
628 1346 728 1429 leger,
758 1369 822 1410 non
851 1345 955 1423 solum
984 1370 1069 1433 quae
1095 1348 1188 1429 regni
1216 1369 1268 1411 su·

137 1434 281 1519 spicione
305 1432 471 1497 consulem
495 1432 712 1512 absolverent,
737 1434 793 1497 sed
812 1455 896 1517 quae
919 1434 1000 1497 adeo
1024 1435 1056 1496 in
1070 1433 1269 1497 contrarium

136 1529 312 1600 verterent,
330 1518 567 1605 utpopularem
578 1520 674 1583 etiam
684 1519 844 1584 facerent:
863 1520 938 1582 inde
952 1541 1131 1603 cognomen
1146 1518 1268 1582 facturn

101 1627 116 1673 2
136 1604 325 1668 Publicolae
349 1615 399 1669 est
442 1616 516 1669 ante
540 1627 651 1670 omnes
675 1605 716 1668 de
739 1607 967 1691 provocatione
989 1607 1147 1669 adversus
1169 1607 1269 1685 magi-

137 1702 256 1754 stratus
280 1692 318 1754 ad
343 1691 500 1777 populum
525 1692 749 1776 sacrandoque
773 1714 845 1754 cum
869 1689 961 1755 bonis
985 1694 1091 1777 capite
1115 1693 1194 1760 eius.
1213 1692 1268 1776 qui

136 1778 226 1860 regni
252 1778 434 1862 occupandi
454 1779 586 1841 consilia
601 1778 723 1858 inisset,
747 1786 859 1860 gratae
882 1778 914 1838 in
924 1776 1042 1860 vulgus
1057 1781 1148 1861 leges
1163 1778 1266 1840 fuere.

101 1886 116 1932 3
137 1885 217 1948 quas
242 1887 314 1926 cum
337 1863 425 1927 solus
449 1863 643 1948 pertulisset,
667 1873 703 1926 ut
726 1885 784 1926 sua
805 1864 899 1926 unius
923 1865 955 1925 in
978 1863 1027 1927 his
1044 1864 1149 1948 gratia
1172 1873 1267 1942 esset,

101 1961 204 2020 4tu1n
239 1949 357 2012 deinde
391 1950 520 2012 comitia·
552 1949 705 2031 conlegae
740 1949 948 2030 subrogando
982 1949 1103 2013 babuit.
1139 1961 1267 2012 creatus

138 2035 192 2119 Sp.
218 2034 391 2098 Lucretius
416 2035 539 2112 consul,
564 2037 616 2120 qui
636 2057 754 2109 magno
770 2050 849 2098 natu
863 2056 925 2097 non
945 2034 1181 2099 sufficientibus
1203 2037 1267 2097 iam

137 2120 261 2183 viribus
294 2120 333 2183 ad
368 2119 550 2184 consularia
576 2143 711 2184 munera
745 2120 897 2184 obeunda
928 2122 1012 2184 intra
1042 2143 1165 2204 paucos
1198 2119 1267 2184 dies

136 2209 280 2270 moritur.
317 2206 471 2270 suffectus
499 2207 531 2269 in
557 2206 689 2270 Lucreti
717 2207 824 2270 locum
848 2207 892 2268 M.
918 2206 1073 2270 Horatius
1096 2205 1266 2270 Pulvillus.

100 2319 115 2366 5
138 2293 223 2377 apud
250 2293 410 2377 quosdam
432 2303 560 2356 veteres
584 2302 733 2356 auctores
756 2311 826 2362 non,
842 2294 972 2355 invenio
987 2294 1176 2357 Lucretium
1193 2314 1266 2356 con-

44 2417 46 2425 =
137 2377 254 2459 sulem,
279 2378 381 2441 Bruto
406 2380 511 2442 statim
538 2379 708 2442 Horatium
732 2389 922 2462 suggerunt3
948 2379 1055 2454 credo,
1081 2380 1158 2464 quia
1179 2377 1268 2442 nulla

134 2473 227 2548 gesta
261 2487 314 2528 res
352 2466 510 2548 insignem
548 2466 660 2529 fecerit
698 2464 909 2542 consulatum,
947 2468 1138 2530 memoriam
1172 2466 1266 2528 inter·

135 2550 262 2613 cidisse.
1250 2600 1254 2608 .

99 2665 114 2711 6
239 2635 394 2698 Nondum
412 2637 562 2699 dedicata
578 2645 649 2699 erat
670 2637 702 2698 in
714 2634 872 2719 Capitolio
885 2637 974 2699 Iovis
991 2637 1098 2700 aedes.
1116 2633 1266 2698 Valerius

134 2720 357 2805 Horatiusque
383 2721 529 2785 eonsules
554 2723 669 2802 sortiti,
692 2732 772 2804 ,uter
800 2722 976 2785 dedicaret.
1015 2722 1151 2785 Horatio
1179 2732 1266 2783 sorte

97 2825 111 2870 t
135 2808 257 2886 evenit;
288 2805 457 2870 Publicola
485 2808 526 2870 ad
550 2807 734 2871 Veientium
763 2806 886 2871 bellum
914 2809 1087 2892 profectus.
1125 2807 1266 2890 aegrius,

134 2912 232 2977 quam
269 2893 402 2973 dignum
436 2904 514 2964 erat,
547 2892 652 2957 tulere
675 2892 788 2956 Valeri
822 2896 997 2958 necessarii
1030 2894 1266 2956 dedicationem

73 2983 74 2986 ’
135 2989 200 3041 tam
224 2978 323 3041 incliti
348 2979 461 3061 templi
483 2979 620 3043 Horatio
645 2979 722 3042 dari.
747 2980 779 3040 id
808 2979 955 3044 omnibus
979 2981 1084 3044 modis
1106 2979 1267 3063 impedire

136 3065 252 3141 conati,
278 3074 452 3148 postquam
483 3065 545 3127 alia
567 3066 687 3128 frustra
717 3075 874 3149 temptata
907 3077 1008 3144 erant,
1042 3077 1170 3152 postem
1203 3065 1267 3129 iam

134 3152 255 3213 tenenti
281 3150 405 3213 consuli
427 3151 559 3214 foedum
582 3154 666 3214 inter
688 3154 907 3235 precationem
932 3153 1029 3215 deum
1051 3153 1199 3214 nuntium
1221 3152 1266 3212 in-

135 3239 261 3300 cutiunt
276 3249 440 3299 mortuum
458 3239 526 3300 eius
550 3236 651 3301 filium
675 3259 757 3315 esse,
774 3238 967 3322 funestaque
977 3237 1099 3312 familia
1114 3236 1266 3300 dedicare

98 3341 113 3388 8
135 3345 208 3386 eum
232 3321 390 3403 templum
414 3344 477 3384 non
502 3345 608 3408 posse.
640 3345 703 3386 non
728 3325 902 3386 crediderit
923 3325 1055 3400 factum,
1079 3345 1119 3385 an
1141 3332 1267 3386 tantum

135 3411 240 3471 animo
264 3408 393 3471 roboris
416 3409 522 3482 suerit,
552 3431 612 3472 neo
634 3410 773 3472 traditur
796 3421 929 3480 certum,
956 3433 1017 3474 nec
1040 3411 1266 3494 interpretatio

134 3505 183 3558 est
205 3493 327 3573 facilis;
350 3493 429 3556 nihil
453 3494 539 3557 aliud
566 3495 607 3557 ad
632 3518 705 3557 eum
729 3497 876 3558 nuntium
900 3497 1103 3581 aproposito
1120 3517 1264 3572 aversus,

135 3602 232 3664 quam
256 3589 292 3642 ut
316 3580 457 3643 cadaver
480 3581 586 3644 efferri
610 3582 747 3661 iuberet,
764 3593 877 3645 tenens
898 3593 1024 3666 postem
1046 3582 1268 3667 precationem

70 3721 72 3727 ,
133 3667 261 3751 peragit
285 3674 317 3728 et
341 3666 470 3729 dedicat
493 3666 658 3751 templum.
708 3695 713 3705 ·

96 3775 112 3822 9
237 3752 330 3814 Haec
354 3762 429 3836 post
452 3763 582 3816 exactos
606 3775 699 3835 reges
724 3753 808 3814 domi
826 3751 1024 3838 militiaeque
1047 3759 1141 3836 gesta
1162 3753 1266 3837 primo

124 3859 220 3897 anno.
254 3838 335 3899 inde
356 3837 393 3901 P.
420 3837 571 3903 Valerius
601 3840 719 3902 iterum
741 3838 778 3900 Τ.
802 3839 975 3902 Lucretius
1004 3836 1153 3902 consules
1180 3837 1267 3903 iacti.
