2738 4146
371 140 532 189 1111111,
553 138 627 188 cnr.
648 142 670 187 1.
692 142 715 193 1.
735 137 767 204 [a.
786 138 818 189 11.
838 155 861 192 0.
880 138 948 203 1411.
1233 125 1273 183 59

92 336 237 398 pugnam
260 310 413 389 ducibus3
446 311 541 375 avide
564 312 674 397 itaque
697 333 732 374 se
755 312 921 375 certamini
946 310 1048 384 offert,
1073 309 1223 395 adeoque
1244 327 1259 376 9

90 401 217 463 infestis
241 398 353 460 animis
376 409 620 468 concurrerunt,
642 406 767 478 neuter,
792 398 869 461 dum
885 395 1011 460 hostem
1033 395 1221 460 vulneraret

91 488 142 549 sui
165 482 358 569 protegendi
371 484 516 568 corporis
539 504 673 562 memor,
697 494 734 545 ut
749 483 909 546 contrario
921 483 987 546 ictu
1002 484 1061 566 per
1076 504 1222 565 parmam

91 582 232 656 uterque
259 567 446 649 transfixus,
480 568 605 632 duabus
629 568 801 632 haerentes
833 569 932 632 hastis
963 568 1148 632 moribundi
1181 590 1222 630 ex

92 658 184 743 equis
219 655 302 738 lapsi
332 657 403 718 sint.
436 654 532 718 simul
563 664 596 718 et
624 665 735 718 cetera
768 655 927 741 equestris
958 676 1069 739 pugna
1104 655 1273 738 coepitio

89 764 197 826 neque
229 743 275 804 ita
306 740 406 804 multo
439 749 514 825 post
550 749 583 803 et
617 740 744 824 pedites
777 741 1017 826 superveniunt.
1051 740 1097 804 ibi
1132 742 1221 802 varia

91 829 230 892 victoria
253 837 285 891 et
304 827 395 891 velut
417 849 522 912 aequo
540 827 646 889 Marte
662 836 841 911 pugnatum
863 837 925 890 est:
949 827 1087 890 dextera
1108 829 1220 889 utrim-

92 936 156 1000 que
181 934 304 977 cornua
324 915 442 993 vicere,
472 913 567 976 laeva
599 922 761 998 superata.
786 913 951 993 Veientes,
980 914 1067 976 vinci
1093 913 1134 975 ab
1157 911 1221 976 Ro·
1240 935 1270 982 11

90 1021 187 1064 mano
210 999 310 1063 milite
348 1000 483 1078 adsueti,
516 999 579 1062 fusi
614 999 796 1083 fugatique3
829 997 1083 1084 Tarquiniensis,
1117 1019 1220 1062 novus

93 1087 207 1162 hostis,
231 1107 294 1148 non
318 1087 406 1149 stetit
430 1085 545 1167 solum,
575 1085 632 1148 sed
657 1086 754 1148 etiam
777 1082 818 1147 ab
842 1107 901 1148 sua
923 1095 1017 1170 parte
1039 1083 1220 1148 Romanum

90 1172 229 1259 pepulit.
1226 1174 1227 1179 ’

194 1256 269 1320 VII.
279 1255 330 1319 Ι11
341 1266 599 1342 cumpugnatum
612 1264 822 1333 esset,tantus
833 1265 937 1319 terror
949 1256 1161 1340 Tarquinium
1174 1266 1220 1319 at·
1242 1283 1255 1327 1

91 1366 156 1430 que
171 1343 328 1407 Etruscos
343 1344 485 1420 incessit,
502 1352 537 1405 ut
552 1343 670 1405 omissa
685 1343 781 1405 inrita
790 1364 826 1405 re
834 1353 930 1405 nocte
941 1341 1037 1406 ambo
1048 1344 1220 1423 exercitus,

93 1430 212 1493 Veiens
235 1428 554 1514 Tarquiniensisque,
583 1449 658 1492 suas
682 1430 819 1514 quisque
850 1429 978 1491 abirent
1001 1428 1124 1492 domos.
1153 1430 1256 1501 adi-2

91 1517 182 1579 ciunt
196 1514 353 1578 miracula
375 1512 451 1577 huic
466 1535 610 1600 pugnae:
634 1514 760 1577 silentio
776 1517 945 1599 proximae
962 1516 1065 1577 noctis
1082 1537 1124 1577 ex
1140 1514 1221 1578 silva

91 1601 371 1678 Arsiaingentem
394 1601 515 1664 editam
530 1621 659 1681 vocem,
684 1599 806 1664 Silvani
821 1622 938 1664 vocem
960 1622 1032 1664 eam
1048 1602 1220 1686 creditam3

91 1688 174 1751 haec
198 1688 299 1751 diota:
331 1708 397 1751 uno
424 1685 498 1771 plus
521 1687 702 1750 Tuscorum
730 1686 887 1750 cecidisse
917 1688 949 1750 in
973 1687 1056 1768 acie,
1090 1688 1221 1750 vincere

92 1772 180 1837 bello
203 1773 394 1837 Romanum.
427 1774 472 1835 ita
495 1783 583 1836 certe
606 1773 681 1836 inde
714 1772 824 1837 abiere
846 1773 984 1836 Romani
1012 1783 1047 1836 ut
1068 1775 1220 1853 victores,
1240 1801 1256 1848 3

91 1860 223 1922 Etrusci
257 1881 317 1943 pro
348 1860 452 1924 victis.
484 1881 559 1922 nam
589 1868 765 1944 postquam
797 1858 924 1934 inluxit,
957 1879 1017 1922 nec
1049 1860 1221 1944 quisquam

90 1945 232 2009 hostiurn
254 1947 285 2008 in
315 1954 490 2028 conspectu
519 1957 598 2022 erat,
632 1944 668 2007 P.
694 1943 842 2008 Valerius
871 1944 984 2009 consul
1011 1945 1115 2030 spolia
1143 1944 1221 2028 legit
1323 2015 1327 2021 ,

90 2031 361 2117 triumphansque
389 2031 465 2095 inde
492 2030 628 2094 Romam
655 2029 947 2114 rediittconlegae
972 2030 1067 2094 funus
1096 2041 1218 2118 quanto
1240 2061 1257 2108 4

89 2127 160 2182 tum
183 2118 290 2202 potuit
323 2127 484 2201 apparatu
515 2117 606 2196 fecit;
639 2118 697 2182 sed
724 2116 826 2181 multo
849 2117 963 2188 ⁴maius
991 2117 1088 2181 morti
1122 2118 1221 2181 decus

91 2202 225 2290 publica
245 2202 306 2266 fuit
333 2205 505 2284 maestitia,
533 2225 571 2267 eo
596 2214 670 2266 ante
700 2204 808 2266 omnia
829 2204 973 2288 insignis,
1002 2205 1078 2287 quia
1099 2216 1218 2269 matro-

89 2312 152 2354 nae
176 2311 293 2352 annum
317 2300 352 2352 ut
373 2298 543 2374 parentem
560 2310 633 2352 eum
657 2287 818 2367 luxerunt,
844 2290 932 2373 quod
949 2298 1015 2353 tam
1039 2310 1114 2352 acer
1135 2289 1223 2354 ultor

89 2374 231 2440 violatae
253 2375 427 2457 pudicitiae
448 2375 569 2438 fuisset

195 2460 328 2525 Consuli
339 2461 466 2542 deinde,
490 2463 545 2546 qui
568 2460 785 2543 superfuerat,
802 2479 838 2523 ut
853 2472 927 2523 sunt
942 2458 1115 2523 mutabiles
1132 2461 1221 2544 vulgi
1240 2493 1256 2541 5

91 2548 198 2627 animi,
223 2569 264 2610 ex
287 2547 398 2611 favore
421 2569 485 2610 non
511 2547 634 2610 invidia
648 2546 757 2625 modo,
782 2545 840 2608 sed
859 2546 1001 2630 suspicio
1025 2548 1123 2610 etiam
1146 2568 1221 2611 oum

91 2634 194 2696 atroci
222 2635 355 2696 crimine
384 2643 466 2697 orta.
498 2655 635 2716 regnum
664 2655 738 2696 eum
771 2631 936 2695 adfectare
965 2631 1052 2696 fama
1081 2631 1257 2716 ferebatss

91 2721 168 2805 quia
185 2741 244 2782 nec
259 2718 427 2802 conlegam
442 2717 678 2802 subrogaverat
691 2720 725 2781 in
740 2717 848 2781 locum
863 2717 957 2781 Bruti
981 2728 1012 2782 et
1027 2717 1222 2783 aedificabat

90 2806 124 2869 in
147 2827 274 2868 summa
294 2804 404 2869 Velia:
433 2804 497 2868 alto
522 2815 619 2891 atque
642 2806 764 2868 munito
792 2803 865 2867 loco
888 2826 997 2867 arcem
1020 2805 1220 2889 inexpugna-

89 2890 189 2955 bilem
204 2890 283 2955 fore.
307 2891 387 2955 haec
410 2891 497 2954 dicta
519 2891 617 2974 vulgo
643 2891 833 2976 creditaque
856 2912 930 2954 cum
953 2891 1142 2974 indignitate
1167 2912 1257 2960 111

89 2986 205 3061 gerent
232 2976 373 3041 consulis
403 2979 555 3058 animum,
583 2985 698 3040 vocato
726 2977 767 3038 ad
797 2977 969 3040 concilium
996 2975 1117 3061 populo
1147 2977 1221 3042 sub-

89 3064 195 3127 missis
217 3063 360 3127 fascibus
382 3064 414 3125 in
431 3065 614 3126 contionem
638 3063 792 3126 escendit.
816 3073 944 3146 gratum
966 3062 1000 3125 id
1024 3060 1220 3126 multitudini

90 3148 314 3234 spectaculum
336 3149 405 3230 fuit,
434 3147 595 3213 submissa
629 3148 690 3212 sibi
719 3170 791 3212 esse
819 3150 946 3232 imperii
977 3148 1113 3230 insignia
1146 3170 1220 3211 con·

88 3235 327 3320 fessionemque
342 3234 461 3298 factam
473 3235 584 3319 populi
600 3257 698 3319 quarn
713 3234 854 3298 consulis
871 3236 1073 3298 maiestatem
1088 3236 1220 3320 vimque

87 3323 245 3399 maiorem
268 3343 349 3385 esse.
373 3321 417 3385 ibi
441 3321 554 3385 audire
575 3322 670 3384 iussis
687 3320 799 3385 consul
822 3319 957 3384 laudare
972 3320 1132 3384 fortunam
1147 3343 1255 3392 con-s

88 3405 193 3491 legae,
218 3408 306 3493 quod
321 3407 460 3471 liberata
478 3410 591 3487 patria,
615 3409 647 3469 in
663 3429 788 3470 summo
805 3405 939 3484 honore,
962 3429 1022 3490 pro
1038 3405 1218 3489 republica

90 3493 256 3574 dimicans,
291 3504 419 3557 matura
451 3493 554 3576 gloria
588 3494 728 3556 necdum
762 3516 796 3556 se
826 3502 974 3557 vertente
1001 3495 1033 3556 in
1064 3493 1219 3556 invidiam

87 3591 227 3643 mortem
249 3580 470 3661 occubuisset3
495 3603 529 3644 se
552 3580 761 3663 superstitem
785 3577 907 3661 gloriae
930 3603 1007 3643 suae
1031 3580 1072 3642 ad
1097 3581 1217 3643 crimen

88 3677 188 3751 atque
212 3666 367 3730 invidiam
390 3689 573 3751 superesse,
599 3689 641 3729 ex
663 3665 839 3729 liberatore
862 3668 986 3748 patriae
1010 3666 1051 3729 ad
1070 3664 1224 3747 Aquilios

88 3772 122 3816 se
132 3751 347 3838 Vitelliosque
357 3754 524 3817 recidisse.
543 3749 898 3840 ,11111111111111111ι
916 3753 1034 3836 inquit
1053 3748 1145 3822 ,uhta
1155 3746 1248 3803 anes
1269 3761 1292 3800 ‘s

87 3837 180 3902 vobis
202 3849 347 3920 spectata
371 3841 472 3906 virtus
499 3843 570 3924 erit,
594 3853 633 3908 ut
650 3842 848 3927 suspicione
863 3837 995 3903 violari
1004 3824 1186 3911 nequeat‘l
1206 3835 1275 3889 2³3>ss
