2738 4146
90 110 150 168 172
327 123 436 172 LIBER
454 123 538 172 XXII.
553 123 628 174 CAI‘.
648 125 688 173 17.
708 125 748 173 18.
768 125 808 172 19.
829 120 860 188 [a.
880 120 912 171 U.
931 135 953 170 c.
973 117 1041 185 537}

398 244 412 285 r

139 293 204 358 levi
241 315 372 378 quoque
407 303 590 359 armaturae
626 294 769 359 hostium
805 295 986 372 incurrere;
1023 299 1165 354 ceterum
1205 310 1277 352 nox

140 391 279 465 aequato
303 381 420 444 timore
441 389 574 445 neutros
598 402 740 466 pugnam
764 379 955 464 incipientes
972 377 1014 440 ad
1031 376 1136 439 luceru
1154 376 1275 438 tenuit.

98 483 113 532 't
139 467 264 530 interea
285 474 353 530 toto
376 468 504 548 agmine
527 465 691 531 Hannibal
715 466 863 530 traducto
880 487 939 551 per
954 462 1072 527 saltum
1089 472 1122 525 et
1138 461 1274 546 quibus-

140 552 215 615 dam
238 553 270 613 in
293 552 364 636 ipso
387 551 472 615 saltu
494 553 637 618 hostium
660 554 825 638 oppressis
848 553 880 614 in
903 572 980 634 agro
1002 547 1145 612 Allifano
1162 546 1275 632 posuit

139 649 254 702 castra.
1131 648 1133 654 '

111 773 118 777 .
242 722 369 786 XVIII.
407 723 505 786 Hunc
540 722 713 795 tumultum
747 722 847 787 sensit
879 721 1016 800 Fabius3
1055 729 1198 784 ceterum
1240 729 1275 781 et

107 808 272 876 linsidias
295 831 366 873 esse
388 821 478 872 ratus
503 821 534 873 et
565 810 606 872 ab
637 820 795 874 nocturno
828 810 939 894 utique
963 807 1143 870 abhorrens
1168 814 1271 869 certa·

106 896 225 964 nmine
249 917 324 958 suos
348 896 553 959 munimentis
586 897 698 959 tenuit.
731 895 804 959 luce
837 897 943 979 prima
966 893 1026 957 sub
1049 894 1126 975 iugo
1150 893 1271 955 montis

139 979 298 1065 proelium
331 980 400 1062 suit,
434 1004 498 1067 quo
533 980 738 1045 interclusam
771 981 812 1044 ab
846 983 912 1044 suis
939 979 1045 1043 levem
1069 987 1270 1041 armaturam

138 1066 233 1130 l'acile
255 1103 297 1113 -
320 1069 437 1132 etenim
459 1089 595 1131 numero
619 1067 819 1152 aliquantum
843 1064 1116 1151 praestabant-
1131 1064 1272 1127 Romani

139 1164 355 1237 superassent,
386 1154 448 1216 nisi
470 1153 689 1238 Hispanorum
723 1154 840 1217 cohors
863 1154 905 1217 ad
935 1153 970 1215 id
1000 1153 1107 1237 ipsum
1131 1151 1272 1214 remissa

103 1237 180 1310 aab
205 1238 387 1303 Hannibale
418 1240 669 1323 supervenisset.
704 1261 742 1303 ea
773 1239 939 1302 adsuetior
969 1237 1135 1301 montibus
1166 1246 1199 1300 et
1227 1237 1270 1298 ad

139 1326 397 1388 concursandum
431 1326 515 1388 inter
547 1347 627 1389 saxa
657 1346 820 1411 rupesque
852 1325 958 1410 aptior
991 1346 1030 1388 ac
1061 1322 1168 1387 levior
1194 1345 1270 1386 cum

138 1409 313 1473 velocitate
330 1432 502 1496 corporum
516 1420 585 1475 tum
602 1433 765 1475 armorum
779 1410 891 1474 habitu
905 1419 1118 1494 campestrem
1129 1409 1271 1491 hostem,

101 1520 118 1567 4
139 1517 274 1576 gravem
296 1498 394 1560 armis
417 1498 659 1583 statariumque,
686 1519 814 1582 pugnae
837 1519 957 1579 genere
972 1495 1067 1560 facile
1091 1493 1198 1559 elusit.
1223 1495 1272 1558 ita

139 1582 389 1667 haudquaquam
422 1584 494 1668 pari
525 1585 701 1646 certamine
725 1584 872 1666 digressi,
903 1582 1041 1667 Hispani
1064 1581 1132 1646 fere
1156 1602 1272 1645 omnes

137 1666 325 1751 incolumes,
348 1668 486 1733 Romani
518 1668 642 1753 aliquot
673 1669 739 1737 suis
771 1669 896 1732 amissis
929 1669 963 1732 in
994 1677 1103 1732 castra
1136 1676 1271 1730 conten-

139 1753 265 1817 derunt.
789 1778 792 1785 ·

102 1864 118 1912 ὅ
239 1837 361 1902 Fabius
392 1861 523 1926 quoque
556 1841 657 1904 movit
687 1848 793 1907 castra
828 1836 1117 1924 transgressusque
1150 1835 1271 1902 saltum
1310 1912 1314 1919 ²

103 1953 119 2001 e,
138 1945 237 2008 super
253 1924 366 1988 Allifas
388 1925 459 1989 loco
484 1924 548 1989 alto
565 1947 603 1988 ac
618 1927 741 1989 munito
758 1924 913 1989 consedit.
938 1935 1006 1989 tum
1024 1947 1082 2010 per
1099 1923 1271 1988 Samnium

138 2010 274 2074 Romam
305 2034 340 2074 se
372 2020 483 2095 petere
516 2009 669 2074 simulans
702 2009 865 2074 Hannibal
895 2032 998 2095 usque
1030 2012 1062 2072 in
1093 2009 1273 2094 Paelignos

73 2168 76 2172 Α
102 2126 116 2174 7
138 2095 391 2180 populabundus
421 2096 531 2170 rediit3
564 2096 686 2161 Fabius
719 2097 845 2161 medius
876 2097 961 2159 inter
984 2095 1125 2160 bostium
1149 2118 1273 2179 agmen

140 2182 319 2268 urbemque
350 2181 486 2246 Romam
521 2185 604 2266 iugis
637 2183 778 2248 ducebat
807 2204 869 2247 nec
900 2183 1059 2246 absistens
1091 2204 1153 2246 nec
1193 2204 1274 2246 con·

137 2267 297 2351 grediens.
331 2291 373 2332 ex
396 2267 557 2351 Paelignis
580 2269 710 2333 Poenus
741 2268 833 2332 flexit
853 2271 916 2332 iter
937 2279 1091 2354 retroque
1114 2266 1273 2353 Apuliam

137 2363 287 2452 repetens
311 2353 507 2418 Gereonium
542 2356 701 2440 pervenit,
733 2355 847 2419 urbem
873 2365 969 2433 metu,
1004 2355 1078 2440 quia
1110 2353 1274 2439 conlapsa

103 2440 238 2520 grumis
269 2462 344 2523 pars
378 2443 540 2505 moenium
575 2452 654 2520 erat,
687 2440 728 2504 ab
762 2442 828 2504 suis
862 2442 1037 2520 desertam3
1072 2441 1216 2503 dictator
1240 2440 1274 2504 in

137 2526 281 2589 Larinati
297 2548 375 2611 agro
399 2537 505 2590 castra
521 2529 718 2590 communiit.
741 2527 817 2590 inde
834 2549 999 2591 sacrorum
1016 2548 1115 2590 causa
1131 2525 1274 2590 Romam

137 2625 316 2686 revocatus,
349 2634 412 2675 non
446 2613 582 2696 imperio
615 2613 712 2676 modo
740 2613 799 2677 sed
823 2612 955 2676 consilio
982 2613 1079 2677 etiarn
1102 2634 1142 2675 ac
1163 2634 1274 2698 prope

103 2733 118 2780 9
138 2697 291 2783 precibus
315 2720 413 2781 agens
437 2720 509 2762 cum
525 2700 680 2782 magistro
698 2700 853 2784 equitum,
877 2698 1000 2783 utplus
1017 2697 1151 2762 consilio
1170 2720 1271 2784 quam

138 2786 284 2847 fortunae
308 2783 459 2864 confidat,
498 2793 531 2847 et
562 2806 597 2848 se
629 2787 736 2869 potius
768 2785 884 2848 ducem
913 2807 1010 2870 quam
1038 2782 1271 2868 Sempronium

136 2868 397 2953 Flaminiumque
428 2871 586 2946 imitetur,
618 2892 660 2934 ne
690 2870 771 2935 uilril
802 2881 908 2934 actum
943 2880 1091 2934 censeret
1119 2878 1274 2934 extracta

136 2976 241 3040 prope
272 2965 395 3018 aestate
429 2977 489 3040 per
519 2955 773 3020 ludificationem
804 2956 921 3022 hostis:
957 2955 1101 3020 medicos
1136 2977 1272 3042 quoque

87 3062 120 3110 10
138 3040 210 3127 plus
235 3040 397 3105 interdum
414 3043 521 3126 quiete
538 3064 636 3127 quam
651 3043 815 3106 movendo
832 3054 929 3128 atque
945 3043 1072 3125 agendo
1084 3041 1270 3128 ,proficere;

138 3126 225 3190 haud
242 3147 376 3209 parvam
395 3149 465 3190 rem
481 3149 554 3192 esse
577 3128 618 3190 ab
643 3131 759 3195 totiens
775 3129 900 3192 victore
915 3127 1009 3192 hoste
1031 3128 1117 3192 vinci
1141 3127 1271 3193 desisse

94 3214 98 3223 '
137 3235 175 3277 ac
205 3213 384 3297 respirasse
422 3212 463 3277 ab
501 3216 662 3278 continuis
694 3214 841 3279 cladibus
873 3250 914 3261 —
947 3215 1038 3288 haec
1065 3214 1268 3300 nequiquam

136 3301 337 3384 praemonito
361 3301 514 3381 magistro
539 3301 683 3385 equitum
707 3301 843 3365 Romam
866 3308 917 3365 est
938 3300 1115 3385 profectus.

102 3408 115 3456 1
163 3428 165 3432 ι
239 3384 333 3448 ΧΙΧ.
358 3385 521 3471 Principio
545 3387 685 3469 aestatis,
719 3409 784 3471 qua
813 3386 894 3451 haec
920 3385 1130 3469 gerebantur,
1155 3387 1187 3448 in
1211 3385 1270 3449 Hi-

101 3496 116 3544 2
135 3471 249 3555 spania
272 3492 402 3556 quoque
422 3483 513 3535 terra
529 3474 674 3558 marique
691 3483 842 3558 coeptum
857 3471 980 3540 bellum
1003 3480 1060 3536 est.
1077 3469 1270 3536 Hasdrubal

135 3557 176 3620 ad
200 3578 274 3620 eum
297 3558 428 3620 navium
450 3580 632 3637 numerum,
665 3581 762 3644 quem
785 3580 805 3620 a
827 3558 927 3622 fratre
958 3559 1151 3621 instructum
1175 3578 1269 3643 para

100 3671 115 3719 3
135 3652 268 3728 tumque
284 3653 464 3728 acceperat,
482 3644 595 3708 decem
611 3644 746 3708 adiectis
758 3644 973 3730 quadraginta
982 3643 1113 3707 navium
1129 3643 1267 3708 classem

136 3727 310 3793 Himilconi
327 3731 425 3794 tradit
447 3739 546 3815 atque
568 3732 614 3794 ita
630 3729 827 3814 Carthagine
850 3729 1015 3814 profectus
1037 3751 1139 3794 naves
1162 3751 1268 3816 prope

133 3823 262 3880 terram.
289 3817 468 3880 exercitum
491 3819 521 3879 in
545 3814 638 3881 litore
662 3817 803 3880 ducebat
818 3827 951 3902 paratus
975 3813 1163 3899 confligere,
1188 3837 1267 3902 qua·
