2738 4146
406 157 515 208 niara
531 159 566 208 11.
586 157 661 210 oar.
680 160 723 210 ar.
743 156 777 225 [a.
795 158 829 209 u.
847 175 869 210 ο.
888 157 959 226 2⁷41.
1235 147 1275 205 93

199 327 339 391 XLVII.
362 328 490 392 Proelio
515 351 558 393 ex
589 339 682 412 parte
705 351 770 391 una
797 329 946 393 restituto
969 328 1069 395 nihilo
1095 332 1224 415 segnius
1245 353 1259 402 1

92 415 128 478 in
152 434 255 478 cornu
271 413 372 478 altero
390 413 448 478 Cn.
465 415 604 477 Manlius
622 414 734 479 consul
750 437 892 499 pugnam
908 415 1024 498 ciebat,
1048 417 1105 480 ubi
1122 438 1224 500 prope

93 499 208 564 similis
225 501 352 563 fortuna
368 510 417 563 est
432 511 571 564 versata.
594 523 668 563 nam
683 509 719 564 ut
735 500 836 564 altero
852 502 885 564 in
901 523 1002 565 cornu
1017 500 1056 582 Q
1073 502 1223 585 Fabium,
1243 527 1259 573 a

94 589 143 651 sio
167 588 200 649 in
216 586 278 665 hoo
292 588 400 671 ipsum
416 585 582 651 consulem
598 585 755 650 Manlium
776 588 841 649 iam
857 585 946 650 velut
967 587 1057 652 fusos
1072 598 1223 672 agentem

92 673 208 738 hostes
232 683 265 736 et
287 674 413 756 inpigre
429 673 548 735 milites
564 672 666 735 secuti
690 681 823 756 suntet,
848 671 951 737 atille
974 675 1066 757 gravi
1088 673 1224 738 vulnere

91 761 179 824 ictus
204 781 246 822 ex
268 759 336 822 acie
360 759 466 842 cessit,
495 758 699 822 interfectum
721 759 783 821 rati
805 759 942 841 gradum
965 759 1133 841 rettulere3
1157 783 1223 824 oes-
1242 786 1258 834 3

92 847 279 929 sissentque
301 843 384 928 loco,
406 845 439 906 ni
461 843 574 908 consul
596 843 679 908 alter
701 866 774 908 cum
797 844 920 929 aliquot
941 847 1055 909 turmis
1079 847 1223 933 equitum

92 933 128 995 in
152 953 224 995 eam
246 941 373 1015 partem
396 931 492 994 oitato
516 952 601 1016 equo
625 930 791 1012 advectus,
822 932 934 994 vivere
956 930 1122 996 clamitans
1146 954 1222 996 oon·

92 1017 214 1101 legam,
238 1039 271 1080 se
294 1017 452 1080 victorem
467 1015 538 1079 fuso
562 1016 664 1079 altero
681 1038 782 1080 cornu
797 1017 923 1095 adesse,
946 1040 1017 1080 rem
1032 1017 1220 1082 inclinatam

93 1103 309 1167 sustinuisset.
333 1101 472 1164 Manlius
496 1123 625 1187 quoque
648 1102 690 1164 ad
713 1103 948 1166 restituendam
970 1105 1074 1167 aciem
1096 1125 1131 1167 se
1152 1105 1259 1187 ipssa

94 1211 207 1253 coram
223 1188 327 1252 offert.
344 1188 482 1252 duorum
493 1188 660 1252 consulum
677 1189 806 1272 cognita
821 1211 878 1251 ora
894 1190 1076 1252 accendunt
1085 1188 1221 1254 militum

92 1277 230 1339 animos.
253 1273 347 1337 simul
370 1283 402 1338 et
425 1274 537 1338 vanior
558 1275 621 1338 iam
645 1284 715 1338 erat
737 1273 879 1338 hostium
903 1277 998 1358 acies,
1022 1276 1099 1340 dum
1123 1276 1223 1339 abun-

94 1362 194 1424 dante
216 1359 423 1423 multitudine
444 1360 519 1423 freti
542 1360 708 1424 subtracta
730 1360 876 1424 subsidia
897 1361 1027 1424 mittunt
1049 1363 1091 1424 ad
1114 1371 1222 1426 castra
1298 1378 1299 1381 ’

94 1447 324 1531 oppugnanda.
355 1447 389 1509 in
412 1467 495 1531 quae
517 1445 603 1508 haud
626 1468 744 1530 magno
768 1448 946 1510 certamine
978 1448 1104 1532 impetu
1125 1449 1222 1533 facto,
1241 1477 1256 1524 5

93 1533 175 1597 dum
196 1532 338 1616 praedae
361 1532 465 1612 magis
488 1554 586 1616 quam
601 1554 730 1617 pugnae
745 1555 907 1597 memores
922 1542 1067 1596 tererent
1082 1543 1220 1618 tempus,

92 1619 198 1683 triarii
212 1618 359 1701 Romani,
383 1619 438 1702 qui
452 1620 592 1701 primam
606 1619 825 1702 inruptionem
841 1619 999 1683 sustinere
1021 1640 1087 1682 non
1108 1632 1222 1705 potue-

92 1714 178 1787 rant,
201 1705 307 1767 missis
331 1703 372 1765 ad
396 1702 545 1768 consules
567 1705 695 1788 nuntiis,
728 1725 792 1789 quo
824 1703 895 1768 loco
927 1727 980 1768 res
1004 1714 1121 1789 essent,
1146 1728 1220 1770 oon-

92 1789 219 1876 globati
253 1790 295 1852 ad
317 1791 517 1875 praetorium
539 1790 678 1854 redeunt
700 1799 733 1854 et
755 1811 813 1853 sua
836 1800 951 1874 sponte
973 1791 1035 1875 ipsi
1057 1791 1219 1877 proelium

92 1886 262 1940 renovant.
296 1886 328 1938 et
349 1875 489 1938 Manlius
523 1875 636 1939 consul
668 1887 817 1940 revectus
847 1877 881 1940 in
912 1886 1018 1958 castra
1044 1877 1086 1940 ad
1110 1898 1256 1956 omnesss

120 1971 208 2027 ortas
222 1959 324 2025 milite
341 1963 491 2048 opposito
509 1960 656 2026 hostibus
678 1963 766 2026 viam
781 1961 951 2027 clauserat.
973 1985 1012 2026 ea
1035 1962 1220 2047 desperatio

92 1986 210 2112 l'usois
232 2046 357 2110 rabiem
388 2049 491 2130 magis
524 2069 618 2132 quam
652 2048 822 2112 audaciam
855 2048 1012 2112 accendit.
1050 2070 1124 2111 nam
1149 2072 1223 2114 oum

91 2136 305 2217 incursantes,
330 2155 534 2220 quacumque
550 2136 673 2198 exitum
689 2136 875 2198 ostenderet
890 2156 976 2219 spes,
998 2156 1083 2198 vano
1098 2134 1222 2222 aliquo·

93 2223 179 2285 tiens
195 2222 319 2306 impetu
334 2223 444 2303 issent,
468 2219 584 2303 globus
600 2221 752 2284 iuvenum
767 2243 849 2284 unus
872 2221 904 2283 in
924 2221 1033 2307 ipsum
1056 2223 1221 2286 consulem

92 2309 253 2390 insignem
284 2307 381 2369 armis
412 2306 546 2369 invadit.
578 2306 683 2390 prima
714 2316 854 2390 excepta
885 2328 905 2369 a
938 2306 1257 2372 circumstantibus7

91 2392 174 2473 tela3
209 2393 358 2456 sustineri
382 2391 501 2456 deinde
523 2393 572 2454 vis
594 2392 714 2477 nequit.
750 2391 863 2456 consul
884 2391 1053 2456 mortifero
1085 2391 1220 2457 vulnere

92 2481 177 2544 ictus
209 2479 305 2560 cadit,
338 2479 466 2562 fusique
498 2479 585 2542 oiroa
616 2499 737 2541 omnes.
776 2476 891 2541 Tuscis
922 2479 1038 2541 erescit
1069 2477 1255 2560 audacia38

90 2565 258 2629 Romanos
273 2574 380 2628 terror
402 2586 461 2650 per
476 2572 544 2628 tota
567 2572 674 2627 castra
688 2562 834 2647 trepidos
850 2564 928 2647 agit,
953 2573 985 2626 et
1008 2563 1049 2625 ad
1073 2573 1220 2629 extrema

91 2663 228 2715 ventum
250 2650 344 2733 foret,
373 2652 406 2713 ni
427 2648 527 2734 legati
548 2658 642 2734 rapto
665 2647 806 2713 consulis
829 2671 965 2734 corpore
986 2648 1219 2734 patefecissent

89 2758 157 2802 una
179 2745 274 2821 porta
295 2736 442 2800 hostibus
464 2738 561 2799 viam.
586 2756 624 2799 ea
652 2745 836 2819 erumpunt3
868 2744 1141 2822 consternatoque
1164 2757 1253 2820 aga

90 2825 179 2887 mine
202 2821 357 2886 abeuntes
388 2823 420 2884 in
443 2822 601 2885 victorem
624 2820 763 2884 alterum
793 2821 939 2885 incidunt
962 2820 1138 2887 consulem.
1173 2822 1219 2886 ibi

89 2911 210 2973 iterum
233 2909 319 2972 oaesi
339 2907 467 2993 fusique
490 2907 621 2991 passim.
653 2908 788 2970 victoria
820 2908 952 2990 egregia
982 2916 1086 2991 parta,
1117 2909 1218 2972 tristis

90 3007 201 3061 tamen
217 2994 344 3058 duobus
360 3004 426 3058 tam
449 2992 544 3057 claris
559 2992 735 3055 funeribus.
759 2994 869 3078 itaque
891 2991 1004 3057 consul
1021 2993 1216 3058 decernente
1239 3002 1276 3064 10'

91 3089 208 3146 senatu
229 3078 437 3164 triumphum,
469 3080 497 3142 si
519 3080 682 3142 exercitus
704 3079 774 3142 sine
798 3081 995 3164 imperatore
1017 3079 1218 3163 triumphare

90 3167 206 3253 possit,
229 3189 288 3249 pro
312 3167 431 3230 eximia
447 3187 485 3228 eo
501 3163 588 3228 bello
606 3184 707 3248 opera
722 3164 816 3228 facile
839 3187 1011 3250 passurum
1034 3165 1218 3250 respondit3

90 3276 137 3337 se,
170 3250 292 3316 familia
323 3252 451 3315 funesta
474 3248 514 3330 Q.
545 3249 629 3313 Fabi
658 3250 766 3313 fratris
797 3259 912 3334 morte,
943 3272 979 3314 re
1013 3249 1144 3335 publica
1176 3272 1219 3314 ex
1266 3306 1267 3309 ,

89 3349 185 3424 parte
209 3339 298 3422 orba,
332 3336 466 3402 consule
489 3335 590 3401 altero
615 3338 743 3419 amisso,
774 3336 907 3422 publico
937 3337 1130 3422 privatoque
1164 3336 1218 3399 de·

88 3425 228 3490 formem
250 3423 338 3488 luctu
365 3423 508 3487 lauream
530 3431 596 3486 non
619 3425 838 3506 accepturum.
862 3423 949 3486 omni
964 3433 1036 3487 acto
1052 3421 1217 3506 triumpho
1237 3447 1269 3495 11

90 3511 258 3598 depositus
289 3509 471 3594 triumphus
502 3507 617 3572 clarior
647 3507 720 3572 fuit:
753 3509 835 3572 adeo
870 3518 982 3593 spreta
1012 3510 1218 3594 intempore

88 3597 194 3682 gloria
216 3597 379 3661 interdum
402 3594 593 3660 cumulatior
615 3594 709 3658 redit.
738 3593 852 3658 funera
887 3595 1004 3658 deinde
1039 3594 1103 3658 duo
1128 3594 1217 3658 dein·

88 3706 168 3768 ceps
192 3682 346 3767 conlegae
376 3681 551 3766 fratrisque
574 3680 672 3762 ducit,
705 3679 794 3744 idem
824 3680 857 3742 in
889 3690 1029 3765 utroque
1057 3678 1217 3765 laudator,

88 3792 164 3835 cum
194 3768 403 3834 concedendo
437 3766 500 3830 illis
533 3788 606 3830 suas
638 3764 751 3829 laudes
784 3766 855 3853 ipse
885 3768 1071 3830 maximam
1094 3775 1239 3846 parbem

87 3878 202 3922 earum
225 3856 331 3919 ferret.
356 3876 464 3941 neque
485 3853 661 3920 immemor
686 3854 770 3942 eius,
806 3853 903 3943 quod
928 3853 1030 3917 initio
1054 3843 1264 3913 cossus-aus
1278 3859 1326 3902 xa
