2738 4146
87 139 149 196 198
351 147 459 196 bruun
476 146 562 196 xxrr.
582 145 657 195 cnr.
676 148 718 194 ss.
737 146 779 194 sr.
798 142 832 210 [a
850 143 883 194 u.
902 159 924 194 a
942 142 1012 209 saal.

141 318 304 405 reliquum
329 327 417 383 esset
438 318 608 401 noctisque
638 317 838 400 insequentis
872 318 1014 400 quietem
1046 324 1079 379 et
1109 316 1180 399 ipse
1212 316 1268 381 sibi

96 414 284 474 asumeret
316 414 354 487 ,et
389 403 484 468 fessis
523 403 616 466 daret
651 400 818 482 militibus,
861 400 1042 482 Maharbal,
1086 402 1269 484 praefectus

139 493 296 578 equitum,
335 490 468 554 minime
502 488 696 553 cessandum
729 498 819 551 ratus
860 487 976 570 ,immo
1009 495 1053 570 ut,
1092 489 1172 574 quid
1210 489 1269 553 hac

137 599 250 664 pugna
273 578 314 640 sit
336 587 455 658 actum,
480 576 572 658 scias,
597 574 650 638 die
674 572 805 658 quinto“
835 574 939 658 inquit
971 574 1097 654 „victor
1119 576 1152 639 in
1176 574 1269 662 Capi-

137 664 215 727 tolio
249 661 448 749 epulaberis.
495 682 645 747 sequere:
678 682 751 724 oum
783 660 903 745 equite,
940 668 978 722 ut
1013 661 1103 745 prius
1142 663 1270 726 venisse

94 769 111 818 a
139 772 236 836 quam
258 759 431 816 venturum
454 749 567 827 sciant,
591 746 817 830 p1·aecedam“.
856 744 1032 808 Hannibali
1063 746 1160 811 nimis
1189 747 1270 813 laeta

139 857 191 900 res
216 844 266 900 est
286 837 359 899 visa
379 836 559 920 maiorque,
594 854 689 918 quam
722 841 760 896 ut
791 854 863 894 eam
891 833 999 895 statim
1023 853 1143 915 capere
1165 836 1269 898 animo

138 933 261 1009 posset.
300 921 411 1006 itaque
441 919 641 985 voluntatem
675 940 710 982 se
742 916 876 982 laudare
899 917 1101 983 Maharbalis
1137 922 1196 1003 ait;
1231 921 1269 984 ad

97 1007 310 1076 tconsilium
345 1007 545 1091 pensandum
577 1005 734 1089 temporis
767 1026 848 1090 opus
872 1027 954 1068 esse.
992 1014 1061 1068 tum
1084 1006 1269 1070 Maharbal:

144 1116 226 1179 ,uon
251 1093 358 1158 omnia
378 1093 531 1156 nimirum
554 1091 659 1154 eidem
685 1091 716 1153 di
741 1091 877 1171 dedere3
908 1093 1039 1154 vincere
1072 1093 1145 1176 scis,
1182 1093 1267 1157 Han·

140 1178 239 1260 nibal,
271 1179 408 1244 victoria
439 1180 485 1241 uti
515 1176 652 1242 nescis.“
691 1198 783 1240 mora
814 1177 882 1241 eius
918 1177 982 1239 diei
1014 1178 1093 1241 satis
1130 1181 1271 1244 creditur

142 1266 238 1331 saluti
260 1264 360 1328 fuisse
382 1263 457 1327 urbi
480 1273 577 1348 atque
601 1263 746 1348 imperio.

101 1372 117 1420 s
245 1351 382 1415 Postero
406 1350 469 1431 die,
503 1350 560 1414 ubi
592 1350 732 1435 primum
766 1347 892 1432 inluxit,
924 1348 965 1411 ad
999 1348 1103 1435 spolia
1134 1347 1271 1434 legenda

141 1437 339 1522 foedamque
371 1436 467 1500 etiam
500 1435 648 1499 hostibus
687 1435 898 1519 spectandam
937 1443 1078 1516 stragem
1108 1436 1270 1504 insistunt.

101 1545 117 1592 o
142 1522 295 1587 iacebant
316 1532 365 1586 tot
386 1521 606 1586 Romanorum
628 1519 726 1600 milia,
758 1521 884 1605 pedites
916 1522 1035 1606 passim
1071 1523 1272 1608 equitesque,

142 1618 179 1674 ut
203 1630 300 1694 quem
324 1609 439 1695 cuique
462 1607 528 1672 fors
552 1616 608 1671 aut
633 1628 742 1692 pugna
768 1608 918 1670 iunxerat
949 1617 1004 1670 aut
1035 1607 1120 1690 fuga.
1160 1610 1270 1673 adsur-

142 1705 256 1780 gentes
281 1694 414 1780 quidam
438 1717 480 1757 ex
502 1704 611 1777 strage
632 1694 742 1757 media
766 1694 901 1773 cruenti,
930 1715 1012 1778 quos
1036 1696 1149 1757 stricta
1171 1705 1272 1759 matu·

142 1782 209 1844 tino
232 1780 353 1863 frigore
377 1781 600 1844 excitaverant
627 1777 773 1857 vulnera,
805 1777 846 1841 ab
878 1777 972 1843 hoste
1004 1781 1154 1864 oppressi
1186 1793 1273 1863 sunt;

103 1888 118 1937 ⁷
143 1867 302 1952 quosdam
327 1874 360 1929 et
381 1867 526 1936 iacentes
548 1868 641 1930 vivos
664 1865 798 1928 succisis
825 1864 997 1928 feminibus
1029 1865 1272 1954 poplitibusque

142 1953 345 2031 invenerunt,
391 1952 552 2015 nudantes
598 1952 756 2014 cervicem
794 1949 1006 2037 iugulumque
1043 1962 1076 2016 et
1111 1952 1273 2040 reliquum

101 2061 118 2110 3
143 2038 333 2121 sanguinem
371 2037 522 2100 iubentes
555 2036 701 2115 hauri1·e;
733 2037 856 2100 inventi
889 2039 1020 2122 quidam
1054 2048 1130 2101 sunt
1160 2042 1272 2105 mersis

142 2124 175 2188 in
199 2123 350 2187 effossam
372 2131 493 2186 terram
519 2121 689 2206 capitibus,
714 2123 880 2208 quossibi
903 2130 990 2208 ipsos
1014 2124 1131 2189 fecisse
1161 2125 1273 2192 foveas

144 2208 385 2293 obruentesque
424 2207 481 2273 ora
518 2209 703 2294 superiecta
739 2208 837 2272 humo
874 2209 1094 2274 interclusisse
1125 2213 1271 2296 spiritum

101 2319 118 2368 o
143 2293 334 2380 apparebat.
372 2295 551 2381 praecipue
582 2295 742 2358 convertit
776 2317 887 2359 omnes
919 2295 1104 2360 subtractus
1132 2297 1273 2363 Numida

142 2391 271 2445 mortuo
296 2381 561 2467 superincubanti
582 2380 728 2444 Romano
750 2382 847 2445 vivus
869 2403 948 2446 naso
972 2381 1173 2469 auribusque
1190 2385 1271 2450 lace-

143 2468 232 2549 ratis,
257 2490 331 2531 oum
347 2468 522 2549 Romanus,
545 2468 695 2531 manibus
711 2467 752 2530 ad
769 2468 961 2552 capiendum
978 2468 1079 2532 telum
1096 2470 1273 2554 inutilibus,

144 2555 177 2618 in
199 2553 324 2617 rabiem
355 2556 403 2618 ira
433 2577 529 2618 versa
559 2552 710 2617 laniando
739 2552 891 2618 dentibus
914 2554 1039 2618 hostem
1063 2557 1272 2641 exspirasset

104 2651 117 2702 1
245 2638 319 2702 LII.
344 2639 463 2727 Spoliis
486 2640 526 2702 ad
550 2639 687 2703 multum
710 2639 775 2702 diei
797 2638 887 2703 lectis
903 2639 1069 2704 Hannibal
1091 2642 1133 2705 ad
1149 2646 1274 2726 minora

144 2724 233 2787 ducit
256 2734 363 2788 castra
385 2726 605 2811 oppugnanda
628 2735 660 2789 et
676 2726 817 2789 omnium
835 2728 975 2810 primum
991 2726 1125 2792 brachio
1144 2730 1273 2796 obiecto

103 2823 118 2871 2
144 2809 276 2873 flumine
300 2832 356 2874 cos
379 2810 533 2874 excludit.
574 2819 717 2875 ceterum
741 2810 783 2874 ab
808 2812 956 2876 omnibus
989 2810 1113 2894 labore,
1145 2816 1273 2900 vigiliis,

143 2893 333 2960 vulneribus
356 2897 452 2960 etiam
475 2897 568 2960 sessis
590 2899 748 2961 maturior
769 2899 870 2981 ipsius
893 2921 951 2983 spe
975 2899 1097 2964 deditio
1114 2911 1165 2966 est
1179 2905 1272 2967 lacta

103 2996 119 3045 8
145 2981 241 3068 pacti,
273 2992 309 3044 ut
340 3003 431 3045 arma
460 2991 558 3068 atque
590 3004 692 3069 equos
723 2983 901 3066 traderent,
933 2986 966 3048 in
999 2987 1108 3072 capita
1129 2987 1274 3054 Romana

145 3067 284 3133 trecenis
307 3069 446 3132 nummis
475 3070 686 3153 quadrigalis,
721 3070 753 3133 in
785 3071 891 3133 socios
924 3070 1066 3153 ducenis,
1098 3075 1130 3137 in
1163 3098 1276 3141 servos

146 3155 300 3234 centenis,
332 3164 365 3218 et
395 3164 431 3219 ut
465 3176 502 3218 eo
537 3157 641 3240 pretio
674 3154 841 3239 persoluto
875 3178 946 3221 cunr
979 3158 1113 3242 singulis
1146 3160 1275 3227 abirent

144 3241 356 3322 vestimentis,
379 3241 411 3304 in
434 3250 540 3304 castra
563 3241 673 3306 hostes
696 3252 893 3327 acceperunt
915 3245 1092 3330 traditique
1115 3247 1147 3310 in
1171 3258 1274 3313 custo·

104 3343 122 3391 4
146 3327 233 3390 diam
257 3348 368 3407 omnes
391 3338 474 3409 sunt,
499 3349 646 3392 seorsum
670 3329 757 3392 cives
781 3329 934 3416 sociique.
973 3331 1049 3395 dum
1077 3331 1124 3397 ibi
1146 3342 1276 3422 tempus

145 3415 271 3494 teritur,
309 3414 442 3493 interea,
481 3434 554 3477 cum
592 3436 634 3477 ex
665 3413 842 3479 maioribus
881 3417 1005 3496 castris,
1043 3419 1161 3503 quibus
1198 3424 1276 3487 satis

144 3501 261 3565 virium
287 3508 320 3562 et
342 3501 439 3563 animi
461 3499 529 3578 fuit,
554 3501 595 3563 ad
620 3509 773 3586 quattuor
794 3500 884 3565 milia
905 3500 1073 3569 hominurn
1097 3515 1129 3570 et
1145 3507 1275 3574 ducenti

147 3588 283 3672 equites,
316 3584 369 3650 alii
401 3586 538 3669 agmine,
571 3584 624 3649 alii
656 3586 755 3672 palati
793 3588 915 3672 passim
952 3612 1012 3674 per
1043 3612 1149 3675 agros,
1189 3595 1275 3681 quod

145 3672 233 3736 haud
257 3673 362 3737 minus
384 3682 490 3736 tutum
514 3683 592 3753 erat,
617 3671 794 3737 Canusium
815 3673 1042 3759 perfugissent,
1076 3688 1184 3744 castra
1205 3684 1277 3768 ipsa

147 3758 187 3823 ab
211 3760 329 3823 sauciis
351 3759 540 3843 timidisque
564 3760 679 3824 eadem
703 3760 902 3843 condicione,
927 3782 992 3846 qua
1014 3761 1125 3848 altera,
1158 3769 1278 3833 hadita

93 3863 114 3908 u
138 3845 234 3911 hosti
271 3846 401 3931 praeda
422 3846 537 3930 ingens
561 3854 656 3932 parta
679 3855 737 3926 est,
772 3855 807 3909 et
836 3857 968 3932 praeter
998 3870 1100 3934 equos
1122 3854 1278 3941 virosque
