2738 4146
136 123 176 180 16
455 138 603 187 LIBERI.
639 137 714 189 CAP.
735 141 775 187 17.
796 140 836 187 18.
855 136 888 204 [a
906 137 939 187 U.
957 154 980 186 c.
998 138 1040 204 38]
1111 188 1114 193 ,

182 308 238 393 qui
261 329 406 372 summae
428 329 538 371 rerum
560 318 759 393 praeessent,
784 310 977 373 consociant.
1008 311 1120 374 decem
1144 313 1311 394 imperita·

147 393 275 471 obant3
299 416 382 457 unus
405 416 478 458 cum
501 395 682 475 insignibus
705 396 833 480 imperii
857 405 890 458 et
912 393 1080 460 lictoribus
1105 411 1190 477 erat3
1216 401 1307 483 quin·

183 501 246 563 que
271 481 394 543 dierum
426 482 530 565 spatio
562 480 734 544 finiebatur
765 482 936 565 imperium
968 503 1006 546 ac
1038 505 1097 568 per
1130 506 1242 546 omnes
1275 486 1308 547 in

185 565 297 631 orbem
314 565 395 646 ibat3
412 588 619 652 annuumque
634 565 837 630 intervallum
853 569 945 651 regni
960 567 1029 630 fuit.
1046 569 1078 630 id
1095 570 1135 632 ab
1152 593 1197 649 re,
1217 571 1306 655 quod

151 669 270 717 tnunc
293 674 423 737 quoque
442 663 530 716 tenet
544 674 673 734 nomen,
697 655 917 736 interregnum
934 652 1141 738 appellatum.
1166 656 1307 719 fremere

186 737 304 800 deinde
341 737 434 822 plebs
465 737 709 823 multiplicatam
742 741 940 819 servitutem,
979 751 1107 803 centum
1144 763 1202 825 pro
1240 765 1308 806 uno

127 877 130 883 .
187 823 334 888 dominos
355 824 473 905 factos3
496 846 557 887 nec
579 824 665 888 ultra
686 825 748 888 nisi
768 847 879 908 regem
912 835 945 888 et
975 825 1015 888 ab
1050 828 1128 912 ipsis
1162 839 1308 891 creatum

150 908 381 972 ssvidebantur
402 912 540 994 passuri.
564 931 637 973 cum
662 911 838 974 sensissent
869 933 908 975 ea
930 914 1053 975 moveri
1077 922 1195 996 patres,
1229 915 1306 977 offe-

186 995 323 1059 rendum
347 994 430 1059 ultro
452 997 523 1076 rati,
548 996 636 1079 quod
660 996 809 1060 amissuri
836 1007 936 1076 erant,
968 997 1013 1060 ita
1035 1000 1169 1081 gratiam
1194 1002 1308 1063 ineunt

185 1103 311 1144 summa
332 1091 491 1166 potestate
513 1080 634 1167 populo
657 1084 826 1166 permissa,
849 1092 886 1146 ut
907 1104 971 1147 non
989 1083 1069 1169 <plus
1092 1085 1205 1148 darent
1227 1087 1317 1149 iuris'

150 1172 165 1221 9
184 1187 280 1250 quam
304 1168 489 1231 retinerent.
514 1169 731 1231 decreverunt
753 1169 847 1250 enim,
871 1178 915 1241 ut,
940 1191 1012 1232 cum
1028 1171 1170 1255 populus
1192 1194 1306 1253 regem

184 1252 338 1333 iussisset,
362 1253 395 1315 id
419 1255 465 1316 sic
487 1263 593 1317 ratum
611 1263 707 1335 esset,
730 1255 757 1316 si
771 1263 881 1339 patres
894 1265 1044 1319 auctores
1060 1257 1183 1320 fierent.
1208 1258 1307 1322 hodie

184 1359 314 1424 quoque
337 1340 368 1401 in
392 1337 519 1421 legibus
535 1340 842 1425 magistratibusque
857 1341 1010 1424 rogandis
1025 1355 1201 1428 usurpatur
1216 1343 1305 1407 idem

96 1491 100 1498 ,
184 1426 233 1487 ius
271 1425 303 1486 vi
326 1424 494 1509 adempta3
531 1427 718 1510 priusquam
742 1425 883 1511 populus
914 1427 1101 1510 suffragium
1138 1431 1234 1509 ineat,
1272 1431 1307 1492 in

141 1517 174 1565 10
185 1510 344 1573 incertum
368 1512 569 1573 comitiorum
606 1522 756 1575 eventum
790 1522 900 1596 patres
933 1523 1082 1576 auctores
1112 1514 1202 1577 fiunt.
1235 1524 1306 1578 tum

182 1596 326 1660 interrex
348 1597 496 1659 contione
519 1597 680 1660 advocata
704 1599 811 1681 „quod
835 1597 966 1680 bonum,
996 1598 1137 1662 faustum
1158 1599 1305 1685 felixque

183 1681 243 1744 sit“
267 1682 380 1766 inquit,
408 1681 579 1762 „Quiritem
602 1706 714 1767 regem
738 1693 860 1764 creatc3
883 1686 929 1747 ita
945 1684 1090 1768 patribus
1113 1688 1218 1748 visum
1244 1697 1303 1750 est.

183 1777 291 1852 patres
308 1768 437 1848 deinde,
454 1769 480 1831 si
497 1768 639 1851 dignum,
657 1770 710 1854 qui
726 1770 887 1833 secundus
902 1770 942 1833 ab
954 1770 1090 1835 Romulo
1106 1785 1304 1852 numeretur,

140 1855 336 1934 llcrearitis,
360 1863 508 1918 auctores
531 1855 637 1918 fient.“
662 1855 744 1918 adeo
767 1855 801 1917 id
824 1866 951 1937 gratum
973 1856 1061 1940 plebi
1084 1858 1152 1937 fuit,
1182 1869 1226 1937 ut,
1261 1880 1304 1922 ne

182 1940 259 2002 victi
283 1938 445 2003 beneficio
468 1939 667 2021 viderentur,
697 1940 730 2002 id
753 1941 850 2004 modo
874 1944 1048 2006 sciscerent
1078 1943 1303 2029 iuberentque,

182 2034 218 2088 ut
240 2035 370 2088 senatus
395 2025 594 2106 decerneret,
618 2028 673 2111 qui
695 2027 817 2090 Romae
838 2039 997 2110 regnaret.

80 2142 104 2195 q
139 2121 151 2168 1
284 2109 411 2173 XVlll.
433 2110 549 2174 Inclita
570 2113 692 2175 iustitia
713 2110 893 2197 religioque
916 2135 954 2176 ea
968 2123 1162 2197 tempestate
1176 2114 1303 2179 Numae

105 2191 106 2195 ’
182 2195 321 2282 Pompili
345 2206 423 2260 erat.
448 2195 587 2261 Curibus
611 2196 738 2261 Sabinis
760 2197 938 2279 habitabat,
963 2198 1218 2264 consultissimus
1241 2203 1302 2284 vir,

180 2292 216 2346 ut
239 2283 270 2344 in
293 2281 348 2344 illa
371 2284 541 2367 quisquam
566 2306 636 2348 esse
659 2293 765 2347 aetate
788 2294 924 2369 poterat,
950 2286 1052 2348 omnis
1083 2286 1181 2349 divini
1204 2296 1303 2372 atquc

146 2365 314 2432 ahumani
337 2369 424 2432 iuris.
449 2379 614 2433 auctorem
639 2370 802 2432 doctrinae
827 2371 905 2450 eius,
930 2373 1005 2454 quia
1027 2393 1091 2434 non
1105 2383 1194 2434 extat
1209 2372 1301 2451 alius,

179 2454 259 2518 falso
283 2453 427 2518 Samium
450 2453 670 2539 Pythagoram
694 2456 803 2531 edunt,
833 2478 929 2541 quem
955 2455 1067 2520 Servio
1092 2457 1197 2522 Tullio
1230 2482 1301 2542 reg·

179 2550 276 2603 nante
298 2540 430 2622 Romae,
455 2552 584 2605 centum
607 2541 745 2626 amplius
767 2556 843 2625 post
865 2565 976 2619 annoa
999 2545 1031 2606 in
1053 2543 1168 2607 ultima
1188 2543 1302 2607 ltaliae

180 2648 236 2688 ora
268 2626 352 2688 circa
375 2626 598 2712 Metapontum
629 2627 890 2711 Heracleamque
922 2639 953 2691 et
976 2628 1118 2693 Crotona
1148 2632 1327 2694 iuvenum

146 2722 161 2769 8
180 2709 410 2774 aemulantium
433 2714 540 2774 studia
563 2724 675 2776 coetus
690 2712 844 2777 habuisse
861 2726 994 2777 constat.
1020 2738 1061 2776 ex
1078 2716 1195 2798 quibus
1211 2716 1301 2798 locis,

180 2797 239 2860 etsi
265 2798 407 2860 eiusdem
433 2800 546 2862 aetatis
569 2798 691 2879 fnisset,
716 2822 799 2882 quae
821 2800 908 2863 fama
931 2803 961 2861 in
978 2799 1138 2863 Sabinos?
1161 2813 1215 2864 aut
1237 2825 1301 2887 quo

177 2882 307 2965 linguae
332 2885 527 2948 commercio
552 2906 746 2968 quemquam
771 2886 810 2947 ad
829 2886 1037 2969 cupiditatem
1056 2887 1199 2949 discendi
1216 2890 1301 2951 exci-

178 2967 299 3032 visset?
323 2990 428 3051 quove
443 2969 607 3054 praesidio
623 2993 706 3033 unus
722 2991 781 3054 per
796 2980 843 3033 tot
858 2983 970 3053 gentes
989 2973 1135 3035 dissonas
1151 2995 1301 3038 sermone
1342 2981 1344 2983 ’

144 3054 389 3139 tmoribusque
412 3054 633 3137 pervenisset?
665 3067 780 3140 suopte
804 3058 900 3139 igitur
927 3059 1054 3140 ingenio
1079 3069 1297 3142 temperatum

177 3141 320 3203 animum
344 3141 517 3205 virtutibus
551 3143 649 3205 l'uisse
673 3145 789 3225 opinor
822 3145 933 3225 magis,
947 3147 1203 3227 instructumque
1236 3168 1300 3209 non

178 3238 243 3288 tam
267 3227 445 3310 peregrinis
483 3227 607 3290 artibus
646 3250 741 3311 qnam
781 3228 951 3312 disciplina
988 3231 1102 3292 tetrica
1141 3253 1178 3293 ac
1217 3235 1300 3296 tristi

178 3321 323 3375 veterum
342 3311 544 3394 Sabinorum,
562 3335 626 3397 quo
637 3335 758 3397 genere
771 3314 895 3377 nullum
908 3315 1069 3399 quondam
1081 3318 1300 3401 incorruptius

141 3397 244 3460 oluit.
271 3399 380 3461 audito
404 3401 533 3462 nomine
560 3399 686 3462 Numae
702 3408 812 3484 patres
829 3400 974 3480 Romani,
1000 3423 1194 3486 quamquam
1213 3404 1300 3466 incli-

177 3484 245 3545 nari
270 3505 349 3567 opes
375 3483 415 3545 ad
439 3483 576 3548 Sabinos
604 3508 681 3567 rege
705 3486 780 3548 inde
803 3498 932 3570 sumpto
955 3487 1159 3569 videbantur,
1193 3501 1301 3553 tamen

176 3590 282 3653 ncque
306 3591 341 3632 se
366 3571 536 3653 quisquam
569 3593 629 3634 nec
651 3571 796 3633 factionis
829 3593 907 3634 suae
938 3571 1035 3634 alium
1066 3595 1127 3636 neo
1162 3574 1301 3660 denique

176 3665 304 3738 patrum
339 3666 394 3717 aut
425 3657 543 3719 civium
569 3678 765 3741 quemquam
789 3657 954 3741 praeferre
978 3658 1021 3720 illi
1054 3660 1124 3722 viro
1157 3664 1225 3723 ausi
1259 3662 1299 3723 ad

176 3762 276 3802 unum
301 3763 412 3804 omnes
435 3740 562 3805 Numae
594 3742 754 3826 Pompilio
788 3765 925 3826 regnum
951 3743 1160 3807 deferendum
1193 3747 1300 3810 decer·

177 3835 266 3889 nunt.
289 3827 423 3905 accitus,
440 3829 523 3891 sicut
536 3826 694 3891 Romulus
711 3839 867 3910 augurato
883 3828 964 3920 urbe
980 3831 1149 3894 condenda
1164 3855 1300 3915 regnum
