2738 4146
296 143 406 193 urana
422 144 458 194 11.
478 143 553 195 car.
572 146 614 195 er.
635 146 678 194 ea.
696 147 738 194 aa.
758 142 791 212 [a.
808 143 842 194 U.
861 159 883 193 e.
902 143 1060 210 air-aser
1208 129 1271 187 105

86 324 124 380 nt
147 314 234 378 diem
256 314 319 398 ipsi
342 336 401 378 sua
427 312 595 379 voluntate
627 315 847 398 prodicerent,
879 314 965 378 trahi
999 314 1118 379 deinde
1151 336 1222 379 rem

88 404 241 466 sinerent.
265 399 355 464 haud
377 401 423 464 ita
444 399 581 465 multum
596 401 725 465 interim
741 401 897 486 temporis
913 399 988 481 fuit3
1012 410 1087 464 ante
1101 409 1222 482 tamen,
1242 419 1259 468 8

89 509 189 572 quam
220 487 370 571 prodicta
404 485 473 550 dies
504 487 640 567 veniret,
679 486 793 550 morbo
832 487 977 549 moritur.
1018 487 1109 550 cuius
1147 508 1258 556 cuma

88 572 309 637 laudationem
332 570 454 636 tribuni
476 571 582 655 plebis
605 573 764 656 impedire
789 581 993 654 conarentur,
1017 571 1112 657 plebs
1134 571 1221 636 frau-

89 660 161 722 dari
176 657 333 722 'sollemni
356 656 480 722 honore
514 679 703 744 supremum
737 659 822 722 diem
855 659 935 731 tanti
970 658 1032 722 viri
1063 656 1167 722 noluit
1190 668 1223 722 et

90 744 314 810 laudationem
335 753 401 807 tam
425 745 539 829 aequis
561 744 694 808 auribus
717 745 837 808 mortui
859 744 993 826 audivit,
1026 764 1123 829 quam
1155 744 1224 809 vivi

91 831 332 896 accusationem
357 829 514 912 audierat,
539 839 572 893 et
594 832 751 916 exequias
774 829 926 917 frequens
951 828 1140 894 celebravit.

195 915 301 980 LXII.
336 915 465 979 Eodem
500 937 582 979 anno
606 915 757 980 Valerius
784 915 897 980 consul
920 937 993 978 cum
1019 916 1166 980 exercitu
1187 916 1222 979 in
1244 939 1259 987 1

90 1002 227 1089 Aequos
243 1000 408 1086 profectus
425 1023 499 1065 cum
509 1002 636 1066 hostem
653 1003 694 1065 ad
711 1000 871 1088 proelium
888 1000 1007 1066 elicere
1022 1022 1087 1065 non
1101 1009 1223 1085 posset,

92 1090 200 1153 castra
231 1108 422 1173 oppugnare
456 1097 504 1151 est
536 1087 680 1152 adortus.
713 1087 882 1171 prohibuit
915 1087 1013 1151 foeda
1043 1096 1224 1171 tempestas

92 1196 168 1238 cum
201 1173 357 1257 grandine
391 1194 429 1236 ac
460 1173 632 1238 tonitribus
671 1173 761 1238 caelo
801 1174 949 1240 deiecta.
976 1173 1259 1240 admirationem

93 1259 214 1324 deinde
238 1261 330 1323 auxit
352 1259 443 1339 signo
467 1261 615 1344 receptui
651 1259 726 1323 dato
762 1260 844 1324 adeo
867 1256 1225 1346 tranquillaserenitas

92 1346 233 1429 reddita,
265 1354 302 1408 ut
332 1343 421 1409 velut
454 1346 586 1408 numine
613 1343 721 1431 aliquo
747 1346 882 1408 defensa
905 1355 1011 1408 castra
1034 1365 1226 1430 oppugnare

93 1433 213 1496 iterum
235 1429 348 1513 religio
371 1430 479 1494 fuerit.
512 1431 616 1494 omnis
647 1432 696 1494 ira
722 1430 800 1495 belli
823 1432 866 1494 ad
888 1429 1132 1516 populationem
1156 1430 1225 1514 agri

93 1519 202 1583 vertit.
241 1515 324 1580 alter
356 1514 470 1581 consul
500 1515 658 1581 Aemilius
693 1519 726 1580 in
750 1516 877 1581 Sabinis
901 1516 1021 1580 bellum
1045 1517 1154 1600 gessit.
1193 1525 1261 1587 eta

92 1604 149 1686 ibi,
189 1603 265 1688 quia
294 1601 396 1665 hostis
431 1601 602 1666 moenibus
636 1626 671 1668 se
701 1603 843 1685 tenebat,
880 1604 999 1667 vastati
1034 1603 1104 1685 agri
1136 1611 1222 1666 sunt.

93 1690 252 1752 incendiis
285 1688 402 1753 deinde
433 1709 498 1751 non
529 1687 680 1752 villarum
713 1689 811 1752 modo
844 1688 900 1752 sed
934 1690 1030 1751 etiam
1068 1689 1262 1771 vicorum,4

93 1774 214 1860 quibus
237 1774 425 1860 frequenter
446 1773 664 1859 habitabatur,
700 1774 810 1839 Sabini
833 1775 930 1838 exciti
954 1796 1028 1837 cum
1051 1773 1225 1859 praedato-

96 1861 190 1924 ribus
227 1860 455 1941 occurrissent,
493 1861 627 1946 ancipiti
664 1860 789 1946 proelio
828 1861 965 1943 digressi
1002 1869 1133 1944 postero
1172 1859 1226 1922 die

94 1944 252 2011 rettulere
275 1954 382 2008 castra
404 1946 437 2008 in
458 1948 578 2009 tutiora
600 1945 681 2011 loca.
719 1947 752 2010 id
781 1948 858 2010 satis
883 1943 1006 2009 consuli
1027 1947 1144 2027 visum,
1168 1965 1226 2008 cur
1246 1971 1263 2019 5

93 2055 155 2118 pro
178 2033 265 2096 victo
288 2030 487 2117 relinqueret
509 2031 646 2113 hostem,
678 2033 805 2117 integro
838 2032 914 2095 inde
939 2032 1102 2096 decedens
1126 2029 1224 2095 bellu

198 2116 323 2181 LXIII.
346 2117 436 2182 Inter
459 2117 541 2181 haec
563 2117 652 2181 bella
677 2128 829 2182 manente
853 2119 1017 2182 discordia
1039 2118 1126 2181 domi
1150 2123 1257 2180 con-1

93 2201 184 2266 snles
215 2203 253 2268 Τ.
288 2203 457 2266 Numicius
488 2203 618 2268 Priscus
649 2203 689 2267 A.
714 2205 887 2287 Verginius
918 2204 1003 2267 facti.
1041 2226 1106 2266 non
1138 2200 1260 2266 ultra-2

93 2289 269 2355 videbatur
290 2288 397 2353 latura
418 2288 532 2376 plebes
556 2289 742 2353 dilationem
758 2291 906 2374 agrariae
930 2289 1021 2373 legis,
1044 2289 1225 2375 ultimaque

93 2377 145 2440 vis
160 2374 347 2459 parabatur,
363 2397 436 2439 cum
454 2374 591 2440 Volscos
607 2376 724 2439 adesse
739 2375 827 2439 fumo
844 2397 888 2438 ex
902 2375 1058 2439 incendiis
1074 2373 1225 2438 villarum

92 2461 238 2546 fugaque
261 2462 438 2545 agrestium
462 2463 627 2544 cognitum
651 2471 708 2526 est.
734 2484 773 2525 ea
794 2484 846 2525 res
870 2470 1029 2525 maturam
1051 2462 1114 2523 iam
1140 2459 1225 2522 sedi·

93 2549 217 2612 tionem
255 2568 293 2610 ac
321 2569 433 2632 prope
472 2557 694 2632 erumpentem
726 2548 890 2632 repressit.
931 2545 1080 2610 consules
1119 2545 1261 2609 coacti3

94 2631 263 2718 extemplo
286 2633 328 2697 ab
352 2642 467 2696 senatu
490 2634 530 2695 ad
567 2632 687 2696 bellum
721 2633 840 2697 educta
871 2653 914 2696 ex
945 2631 1027 2696 urbe
1057 2633 1227 2695 iuventute

92 2718 353 2804 tranquilliorem
375 2729 517 2782 ceteram
540 2717 670 2802 plebem
693 2719 848 2783 fecerunt.
882 2727 915 2783 et
946 2718 1058 2783 hostes
1083 2717 1264 2803 quidem‚4

93 2803 175 2870 nihil
199 2804 284 2869 aliud
302 2826 400 2892 quam
415 2804 555 2891 perfusis
572 2827 655 2869 vano
671 2806 788 2871 timore
803 2805 968 2888 Romanis,
986 2805 1082 2880 citato
1099 2804 1227 2886 agmine

93 2892 231 2974 abeunt3
275 2891 444 2955 Numicius
480 2890 616 2954 Antium
658 2890 817 2955 adversus
859 2889 1007 2973 Volscos,
1051 2889 1253 2973 Verginiuso

92 2988 210 3043 contra
231 2976 367 3065 Aequos
391 2975 567 3062 profectus.
600 2976 646 3040 ibi
678 2999 720 3042 ex
750 2977 874 3040 insidiis
906 2998 1010 3062 prope
1032 2998 1151 3058 magna
1173 2997 1226 3038 ac-

92 3086 131 3128 ce
157 3074 192 3128 ta
215 3061 307 3127 clade
329 3065 434 3127 virtus
456 3061 594 3126 militurn
616 3085 686 3126 rem
708 3063 898 3148 prolapsam
921 3061 1128 3146 neglegentia
1151 3081 1226 3125 oon·

99 3087 180 3215 sulis
203 3149 354 3214 restitnit.
377 3146 494 3212 melius
516 3149 549 3211 in
572 3147 699 3212 Volscis
722 3150 916 3233 imperatum
945 3158 1008 3229 est3
1036 3147 1098 3211 fusi
1122 3147 1226 3230 primo
1249 3160 1265 3208 6

91 3233 220 3322 proelio
243 3234 355 3298 hostes
378 3235 521 3319 fugaque
544 3236 576 3297 in
599 3234 714 3298 urbem
737 3235 881 3317 Antium,
905 3245 941 3297 ut
962 3243 1031 3298 tum
1054 3241 1225 3312 reserant,

91 3320 375 3407 opulentissimam
408 3321 481 3384 acti.
523 3342 620 3404 quam
655 3318 767 3385 consul
799 3343 989 3405 oppugnare
1026 3341 1091 3382 non
1123 3339 1227 3382 ausus
1338 3374 1340 3378 ,

89 3407 292 3490 Caenonem,
324 3406 413 3471 aliud
446 3407 602 3491 oppidum
630 3427 836 3555 nequaquam
860 3415 927 3469 tam
951 3405 1151 3491 opulentum,
1183 3402 1226 3467 ab

91 3492 280 3558 Antiatibus
303 3494 399 3579 cepit.
433 3492 511 3555 dum
535 3491 644 3576 Aequi
699 3491 843 3577 olscique
866 3492 1029 3556 Romanos
1062 3491 1262 3554 exercitust

89 3590 214 3663 tenent,
238 3577 351 3644 Sabini
373 3600 478 3664 usque
502 3577 542 3641 ad
565 3588 675 3661 portas
703 3578 794 3642 urbis
825 3577 1019 3664 populantes
1051 3577 1225 3642 incessere.

89 3666 212 3731 deinde
249 3667 312 3751 ipsi
348 3666 463 3746 paucis
500 3674 577 3750 post
614 3663 730 3728 diebus
768 3664 809 3728 ab
848 3664 977 3728 duobus
1015 3661 1224 3746 exercitibus,

89 3763 232 3840 utroque
255 3749 420 3837 perirem
444 3749 577 3815 consule
601 3751 745 3834 ingresso
777 3752 811 3814 in
841 3749 932 3835 fines,
964 3748 1039 3836 plus
1070 3747 1237 3811 cladium.

88 3859 192 3929 qnam
212 3837 398 3920 intulerant,
422 3845 628 3924 acceperunt.
