2738 4146
379 137 485 189 arans
502 138 550 187 nr.
570 137 644 188 cnr.
663 140 704 189 ss.
723 140 764 188 sc.
784 135 818 204 [a.
836 137 869 188 u.
888 153 911 188 e.
929 136 999 206 soal.
1207 126 1269 184 227

88 315 254 393 ageretur,
277 308 507 394 quaerentibus
530 306 655 391 legatis,
678 329 761 392 quae
783 307 948 394 postulata
992 307 1075 372 lebis
1100 316 1220 392 essent,

89 395 275 478 composito
296 395 362 457 iam
384 402 458 457 ante
481 394 658 457 adventum
680 392 862 477 legatorum
885 332 1018 458 oonsilio
1042 417 1082 458 ea
1107 405 1220 480 postu·

88 479 181 560 lavit,
205 489 242 543 ut
264 487 437 565 appareret
458 479 492 542 in
512 480 676 565 aequitate
705 502 815 543 rerum
845 479 920 564 plus
943 502 1040 565 quam
1063 481 1096 542 in
1119 480 1218 544 armis

89 565 207 650 reponi
230 565 311 648 spei.
333 573 529 648 potestatem
552 566 638 628 enim
659 564 865 629 tribuniciam
884 567 1218 651 provocationemque
1236 571 1254 622 4

89 649 296 737 repetebant,
335 671 418 736 quae
447 659 522 713 ante
556 650 757 714 decemviros
795 659 921 714 creatos
959 650 1081 715 auxilia
1136 650 1219 715 lebis

90 737 231 818 fuerant,
264 743 296 799 et
317 756 359 799 ne
381 735 434 799 cui
454 734 561 798 fraudi
584 744 670 799 esset
701 737 845 800 concisse
868 735 986 800 milites
1009 746 1065 800 aut
1088 675 1219 821 plebem

91 821 135 885 ad
157 820 370 906 repetendam
385 842 445 905 per
459 822 676 885 secessionem
691 819 885 885 libertatem.
902 821 943 884 de
960 822 1219 886 decemvirorum
1239 832 1256 878 t

93 906 192 972 modo
224 906 384 992 supplicio
416 916 510 969 atrox
540 906 740 990 postulatum
777 906 850 970 fuit:
889 907 966 969 dedi
1003 907 1124 992 quippe
1162 929 1219 971 eos

92 1013 238 1078 aequum
261 991 438 1056 censebant
459 994 616 1075 vivosque
639 993 705 1077 igni
727 1001 989 1056 concrematuros
1004 992 1218 1056 minabantur.

92 1077 193 1162 legati
216 1076 259 1140 ad
282 1098 334 1140 ea:
360 1099 463 1225 ,quae
486 1075 611 1140 consilii
632 1077 773 1157 fuerunt,
797 1077 878 1140 adeo
901 1098 1005 1163 aequa
1021 1077 1219 1164 postulastis,
1239 1089 1256 1136 6

94 1176 130 1227 ut
152 1162 239 1227 ultro
262 1161 356 1226 vobis
402 1162 556 1227 eserenda
576 1160 711 1243 fuerint3
734 1161 878 1226 libertati
902 1165 987 1227 enim
1004 1185 1043 1226 ea
1057 1163 1221 1248 praesidia

94 1249 216 1333 petitis,
247 1269 313 1312 non
345 1246 495 1312 licentiae
525 1248 565 1311 ad
600 1249 825 1332 inpugnandos
857 1247 947 1315 alios.
991 1248 1059 1311 irae
1089 1258 1252 1314 vestrae?

93 1334 199 1418 magis
236 1333 469 1417 ignoscendum
507 1355 604 1419 quam
640 1334 874 1417 indulgendum
914 1342 972 1415 est,
1011 1334 1133 1420 quippe
1165 1334 1221 1420 qui

94 1417 297 1484 crudelitatis
320 1419 395 1483 odio
416 1418 448 1482 in
472 1418 697 1483 crudelitatem
718 1420 810 1483 ruitis
833 1426 866 1483 et
886 1420 976 1504 prius
991 1441 1106 1504 paene,
1122 1441 1220 1505 quam

94 1507 158 1591 ipsi
179 1503 276 1568 liberi
298 1505 378 1587 sitis,
401 1502 559 1568 dominari
590 1505 654 1568 iam
680 1505 713 1567 in
746 1504 951 1568 adversarios
982 1504 1089 1568 vultis.
1127 1517 1255 1568 num-8

96 1611 237 1677 quamne
268 1590 415 1675 quiescet
446 1590 560 1654 civitas
591 1599 701 1653 nostra
728 1589 936 1673 asuppliciis
958 1598 1014 1653 aut
1036 1600 1165 1674 patrum
1187 1592 1220 1653 in

95 1675 228 1762 plebem
250 1675 429 1739 Romanam
451 1685 507 1738 aut
528 1674 634 1761 plebis
657 1677 688 1737 in
715 1675 845 1759 patres?
882 1685 973 1739 scuto
1000 1676 1094 1738 vobis
1117 1676 1254 1759 magias

94 1781 193 1846 quam
216 1758 325 1845 gladio
349 1781 431 1845 opus
455 1769 514 1824 est.
548 1762 625 1825 satis
648 1782 811 1846 superque
833 1759 963 1824 humilis
986 1769 1045 1842 est,
1072 1761 1128 1846 qui
1149 1762 1220 1824 iure

96 1868 201 1932 aequo
224 1847 257 1908 in
281 1845 411 1909 civitate
432 1847 513 1910 vivit
534 1867 595 1910 nec
616 1845 782 1910 inferendo
804 1847 952 1908 iniuriam
974 1868 1035 1909 nec
1057 1846 1220 1930 patiendo.

96 1932 244 1996 etiamsi
266 1931 397 2016 quando
419 1932 612 1995 metuendos
634 1952 692 1995 vos
715 1931 894 2017 praebituri
916 1932 1002 2007 estis,
1035 1953 1107 1995 cum
1137 1932 1272 1997 reci-10

95 2018 219 2104 peratis
249 2015 492 2100 magistratibus
525 2015 718 2103 legibusque
749 2018 866 2081 vestris
895 2018 1016 2081 iudicia
1038 2039 1138 2101 penes
1159 2039 1220 2081 vos

94 2111 192 2167 erunt
215 2100 256 2164 de
280 2102 384 2183 capite
406 2111 518 2166 nostro
540 2103 752 2187 fortunisque,
784 2112 860 2166 tunc
886 2113 922 2166 ut
949 2125 1101 2190 quaeque
1121 2124 1221 2166 causa

96 2189 161 2252 erit
183 2188 346 2265 statuetis3
368 2209 454 2250 nunc
476 2187 659 2252 libertatem
680 2189 784 2272 repeti
808 2189 885 2251 satis
908 2191 987 2251 estst‘

198 2272 287 2336 LIV.
309 2272 471 2336 Facerent
503 2283 539 2337 ut
568 2272 690 2338 vellent
712 2273 974 2359 permittentibus
997 2274 1119 2337 cunctis
1141 2294 1221 2338 mox
1240 2289 1250 2334 1

95 2358 258 2423 redituros
281 2379 316 2420 se
337 2356 435 2441 legati
458 2358 556 2422 rebus
587 2359 738 2443 perfectis
765 2358 945 2421 adfirmant.
983 2358 1122 2443 profecti
1146 2375 1254 2421 cuma

94 2443 249 2507 mandata
262 2441 369 2527 plebis
384 2443 532 2527 patribus
549 2446 786 2528 exposuissent,
803 2442 856 2507 alii
872 2444 1058 2521 decemviri,
1074 2443 1219 2529 quando·

93 2529 229 2614 quidem
260 2538 392 2614 praeter
422 2550 514 2613 spem
545 2531 689 2612 ipsorum
723 2529 872 2614 supplicii
903 2529 953 2592 sui
982 2526 1072 2592 nulla
1098 2529 1218 2592 mentio

94 2615 199 2695 fieret,
223 2612 310 2677 haud
344 2615 518 2699 quicquam
547 2613 702 2696 abnue1·e;
741 2615 876 2700 Appius,
910 2614 994 2677 truci
1025 2614 1154 2698 ingenio
1187 2623 1255 2680 eta

94 2700 219 2764 invidia
241 2700 426 2784 praecipua,
461 2699 571 2764 odium
594 2701 627 2762 in
649 2723 685 2764 se
706 2699 843 2764 aliorum
866 2721 925 2763 suo
947 2700 980 2762 in
1003 2720 1060 2763 eos
1082 2700 1219 2764 metiens

93 2784 171 2851 odio
197 2783 304 2866 „haud
326 2782 459 2868 ignaro“
483 2786 585 2870 inquit
609 2787 774 2866 ,imminet
802 2786 942 2849 fortuna.
979 2784 1085 2869 video,
1118 2786 1257 2850 doneca

92 2891 188 2936 arma
211 2868 406 2934 adversariis
429 2871 606 2947 tradantur,
631 2871 754 2935 differri
776 2870 933 2935 adversus
956 2893 1015 2934 nos
1046 2880 1219 2935 certarnen.

92 2955 222 3020 dandus
244 2954 386 3020 invidiae
409 2966 459 3019 est
482 2958 623 3039 sanguis.
661 2956 739 3020 nihil
769 2979 811 3020 ne
843 2979 903 3039 ego
939 2957 1071 3041 quidem
1099 2978 1218 3038 moror,

92 3040 265 3128 quominus
289 3040 511 3105 decemviratu
533 3041 680 3105 abeam.“
718 3042 838 3105 factum
870 3053 999 3105 senatus
1028 3040 1218 3124 consultum,
1239 3060 1255 3105 o

93 3136 130 3191 ut
152 3126 329 3190 decemviri
362 3148 398 3190 se
430 3129 534 3210 primo
569 3148 697 3212 quoque
729 3138 876 3211 tempore
907 3128 1097 3209 magistratu
1130 3126 1218 3190 abdi·

92 3220 216 3294 carent,
241 3209 280 3291 Q.
297 3212 416 3275 Furius
439 3211 588 3295 pontifex
608 3214 769 3276 maximus
793 3212 938 3276 tribunos
958 3211 1063 3297 plebis
1080 3220 1217 3293 crearet,

93 3306 128 3363 et
147 3318 191 3361 ne
214 3297 267 3359 cui
289 3296 396 3360 fraudi
419 3306 505 3361 esset
528 3298 668 3361 secessio
690 3297 827 3361 militum
850 3295 1032 3383 plebisque.

197 3380 259 3445 His
282 3391 413 3445 senatus
437 3382 591 3446 consultis
613 3382 765 3467 perfectis
789 3383 920 3446 dimisso
945 3395 1058 3446 senatu
1089 3382 1217 3446 decem·
1237 3400 1253 3447 6

95 3469 155 3533 viri
179 3467 344 3551 prodeunt
367 3469 400 3530 in
424 3469 607 3532 contionem
634 3467 851 3553 abdicantque
884 3490 919 3531 se
950 3469 1142 3551 magistratu
1171 3468 1218 3530 in·

92 3554 184 3638 genti
205 3552 373 3616 hominum
395 3551 528 3616 laetitia.
550 3554 741 3618 nuntiantur
761 3553 843 3616 haec
865 3550 962 3637 plebi.
985 3551 1111 3634 legatos
1128 3552 1252 3637 quid-⁷

96 3639 170 3724 quid
195 3641 229 3701 in
251 3637 331 3701 urbe
354 3637 522 3702 hominum
553 3649 721 3723 supererat
752 3640 971 3724 prosequitur.
1009 3636 1084 3702 huic
1113 3637 1218 3701 multi·

94 3725 196 3790 tudini
218 3720 305 3787 laeta
327 3722 389 3786 alia
419 3724 514 3787 turba
546 3746 588 3788 ex
619 3726 732 3787 castris
766 3724 914 3787 occurrit.
953 3720 1218 3804 congratulantur

94 3809 277 3874 libertatem
316 3809 588 3895 concordiamque
625 3811 748 3876 civitati
783 3810 979 3876 restitutam.
1022 3808 1126 3893 legati
1156 3831 1222 3890 pso
1236 3825 1260 3871 a

1141 3906 1192 3956 m*
