2738 4146
130 132 189 188 178
390 143 500 193 arnna
516 144 602 196 xxn.
621 143 699 194 our.
718 146 759 193 24.
778 147 819 194 aa.
839 143 872 211 [a.
890 144 924 195 u.
942 161 964 194 e.
983 145 1052 212 seq.

177 335 252 378 suos
285 315 317 377 in
348 317 459 400 priora
486 325 603 397 eastra,
632 338 715 400 quae
741 338 801 400 pro
826 314 980 381 Gereonii
1005 316 1176 380 moenibus
1201 331 1300 379 erant.

126 417 154 462 11
177 401 262 464 iusta
277 423 407 486 quoque
422 403 540 466 acie'et
552 400 687 464 conlatis
698 402 796 485 signis
809 401 995 465 dimicatum
1006 403 1138 484 quidam
1152 414 1302 466 auctores

177 497 264 550 sunt:
289 489 391 571 primo
416 509 577 551 concursu
599 487 744 551 Poenum
768 510 872 572 usque
895 488 935 550 ad
961 507 1067 550 castra
1087 487 1206 569 fusum,
1230 489 1305 552 inde

178 573 347 655 eruptione
362 573 448 638 lacta
462 583 598 657 repente
612 595 742 637 versum
758 584 916 637 terrorem
928 575 960 636 in
969 572 1144 636 Romanos.
1157 573 1305 638 Numenii

177 656 316 721 Decimii
352 657 505 722 Samnitis
545 659 662 722 deinde
698 661 883 722 interventu
913 658 1073 744 proelium
1105 663 1303 725 restitutum.

126 758 158 806 12
176 742 272 826 hunc,
296 746 476 830 prinoipem
500 767 619 828 genere
642 766 681 809 ac
704 744 823 808 divitiis
845 766 910 808 non
932 744 1070 808 Boviani
1093 745 1205 826 modo,
1219 747 1305 811 unde

178 838 256 911 erat,
290 831 348 894 sed
380 841 448 897 toto
477 829 617 914 Samnio,
641 831 731 894 iussu
754 831 920 893 dictatoris
944 840 1016 894 octo
1040 830 1129 893 milia
1156 833 1303 917 peditum

178 924 210 978 et
244 919 370 1000 equites
426 918 596 1000 ningentos
630 916 801 980 ducentem
833 918 865 979 in
897 927 1012 994 castra,
1041 915 1082 979 ab
1112 928 1205 1001 tergo
1230 941 1303 982 cum

177 1003 384 1086 apparuisset
403 940 591 1083 llannibali,
613 1003 755 1089 speciem
770 1004 855 1088 parti
871 1003 1000 1087 utrique
1016 1002 1209 1086 praebuisse
1228 1005 1305 1068 novi

125 1101 158 1149 13
177 1089 434 1171 praesidiioum
468 1087 508 1167 Q.
540 1088 642 1151 Fabio
674 1089 716 1152 ab
747 1088 852 1153 Roma
881 1090 1049 1152 venientis.
1084 1089 1304 1154 Hannibalem

176 1174 364 1237 insidiarum
377 1196 508 1259 quoque
521 1173 643 1259 aliquid
660 1177 826 1239 timentem
842 1175 1009 1258 recepisse
1020 1195 1105 1244 suos,
1119 1174 1305 1239 Romanum

176 1260 357 1324 insecutum
381 1259 554 1324 adiuvante
575 1262 718 1324 Samnite
734 1260 797 1324 duo
811 1258 944 1323 castella
960 1281 999 1323 eo
1016 1260 1068 1322 die
1086 1283 1303 1345 expugnasse.

176 1367 236 1408 sex
265 1345 353 1409 milia
384 1345 524 1409 hostium
559 1368 664 1427 caesa,
693 1348 833 1431 quinque
861 1345 1038 1410 admodum
1066 1345 1304 1428 Romanorum3

125 1441 284 1494 tatamen
318 1432 350 1494 in
387 1442 453 1508 tam
485 1433 556 1516 pari
587 1455 690 1517 prope
723 1431 815 1497 clade
849 1453 967 1494 vanam
998 1432 1117 1496 famam
1152 1435 1305 1518 egregiae

176 1517 330 1581 victoriae
362 1540 434 1581 cum
466 1518 654 1581 vanioribus
681 1517 795 1582 litteris
827 1518 973 1600 magistri
996 1518 1141 1602 equitum
1166 1519 1302 1585 Romam

175 1601 342 1687 perlatam.

135 1707 149 1755 1
277 1688 385 1752 XXV.
408 1688 462 1752 De
483 1690 523 1753 iis
542 1688 642 1753 rebus
657 1710 816 1773 persaepe
833 1696 866 1752 et
877 1689 910 1751 in
926 1697 1041 1751 senatu
1059 1698 1092 1751 et
1103 1689 1136 1751 in
1152 1692 1304 1755 contione

134 1794 150 1842 a
175 1783 284 1839 actum
313 1788 370 1839 est.
395 1799 467 1840 oum
490 1775 576 1838 laeta
599 1776 729 1839 civitate
752 1774 890 1838 dictator
910 1796 994 1838 unus
1016 1772 1098 1837 nihil
1121 1797 1182 1838 nec
1197 1776 1305 1842 famae

174 1881 235 1923 neo
266 1860 378 1925 litteris
411 1862 559 1924 crederet
591 1870 631 1940 et,
660 1871 696 1923 ut
722 1882 801 1924 vera
824 1860 932 1924 omnia
955 1869 1072 1930 essent,
1101 1864 1248 1925 secunda
1270 1885 1305 1926 se

133 1969 149 2016 a
175 1947 277 2025 magis
299 1968 394 2031 quam
412 1946 550 2010 adversa
565 1947 680 2010 timere
696 1946 830 2027 diceret,
847 1957 916 2009 tum
932 1946 974 2008 M.
992 1945 1136 2010 Metilius
1153 1947 1305 2014 tribunus

134 2057 149 2104 4
174 2030 277 2115 plebis
310 2033 340 2094 id
374 2033 538 2096 enimvero
565 2031 736 2095 ferendum
764 2053 837 2096 esse
863 2044 974 2116 negat:
1001 2054 1066 2095 non
1095 2046 1306 2118 praesentem

105 2133 108 2139 ’
174 2117 279 2181 solum
303 2120 496 2182 dictatorem
518 2116 683 2181 obstitisse
704 2119 753 2182 rei
767 2117 852 2182 bene
867 2118 1042 2202 gerendae,
1060 2119 1118 2182 sed
1134 2120 1305 2186 absentem

175 2205 270 2267 etiam
303 2213 415 2288 gestae
446 2203 576 2268 obstare
611 2211 643 2266 et
671 2204 705 2267 in
736 2203 887 2268 ducendo
915 2204 1002 2269 bello
1032 2203 1146 2268 sedulo
1170 2216 1306 2292 tempus

173 2300 289 2372 terere,
323 2312 386 2375 quo
416 2290 536 2354 diutius
558 2291 590 2353 in
613 2291 806 2374 magistratu
828 2291 869 2355 sit
892 2290 1045 2376 solusque
1068 2301 1101 2355 et
1122 2291 1248 2357 Romae
1272 2304 1307 2358 et

133 2404 149 2450 6
174 2377 205 2439 in
238 2379 385 2441 exercitu
413 2377 586 2462 imperium
608 2376 741 2440 habeat:
790 2377 889 2462 uippe
914 2374 1084 2441 consulum
1107 2376 1248 2442 alterum
1271 2381 1306 2444 in

174 2463 243 2525 acie
267 2463 434 2544 cecidisse,
458 2462 594 2528 alterum
617 2464 726 2547 'specie
750 2399 863 2525 classis
886 2462 1029 2526 Punicae
1052 2466 1305 2548 persequendae

126 2563 148 2635 ,6
174 2547 288 2632 procul
319 2549 360 2613 ab
392 2549 487 2612 Italia
519 2548 718 2630 ablegatum3
752 2548 832 2611 duos
864 2562 1032 2632 praetores
1064 2547 1175 2612 Sicilia
1201 2560 1304 2636 atque

173 2635 322 2698 Sardinia
353 2646 541 2721 occupatos,
574 2657 710 2719 quarum
742 2644 857 2697 neutra
887 2634 949 2697 hoc
976 2645 1123 2719 tempore
1150 2649 1305 2720 praetore

173 2731 281 2802 egeat3
306 2721 350 2785 M.
367 2721 543 2785 Minucium
565 2722 754 2802 magistrum
779 2722 933 2805 equitum,
956 2742 997 2784 ne
1019 2719 1148 2784 hostem
1163 2721 1305 2806 videret,

133 2821 147 2867 7
172 2828 212 2869 ne
245 2806 323 2890 quid
354 2807 402 2870 rei
429 2805 565 2871 bellicae
596 2816 733 2889 gereret,
767 2829 870 2892 prope
904 2809 936 2869 in
967 2806 1114 2869 custodia
1142 2806 1303 2874 habitum.

171 2893 281 2977 itaque
304 2892 437 2956 hercule
459 2914 525 2956 non
548 2891 714 2955 Samnium
737 2893 846 2973 modo,
871 2915 934 2980 quo
950 2893 1015 2955 iam
1030 2902 1197 2975 tamquam
1212 2904 1304 2961 trans

172 2976 332 3042 Hiberum
369 3000 446 3061 agro
485 2979 602 3043 Poenis
636 3000 824 3042 concessum
857 2980 906 3057 sit,
940 2978 997 3042 sed
1033 2989 1065 3042 et
1097 2977 1305 3064 Campanum

173 3062 394 3149 Calenumque
420 3075 452 3127 et
474 3064 650 3128 Falernum
673 3085 786 3145 agrum
815 3075 1018 3150 pervastatos
1050 3087 1132 3144 esse,
1167 3066 1304 3134 sedente

173 3149 306 3214 Casilini
329 3151 488 3215 dictatore
512 3162 544 3214 et
567 3149 748 3233 legionibus
774 3150 887 3237 populi
909 3151 1045 3214 Romani
1068 3171 1182 3233 agrum
1207 3175 1305 3218 suum

132 3253 147 3299 8
171 3246 307 3301 tutante.
332 3239 511 3307 exercitum
535 3237 717 3321 cupientem
738 3260 884 3322 pugnare
901 3248 933 3300 et
945 3239 1138 3321 magistrum
1154 3239 1304 3324 equitum

172 3322 299 3386 clausos
322 3345 425 3408 prope
447 3325 531 3386 intra
554 3320 675 3386 vallum
697 3335 851 3403 retentos,
874 3332 1042 3408 tamquam
1058 3323 1205 3388 hostibus
1223 3348 1303 3412 cap-

131 3427 146 3472 e
172 3410 245 3473 tivis
268 3431 358 3472 arma
379 3411 542 3495 adempta.
566 3408 708 3484 tandem,
731 3420 767 3472 ut
790 3408 984 3472 abscesserit
1003 3410 1079 3474 inde
1096 3410 1247 3493 dictator,
1264 3422 1302 3477 ut

172 3495 341 3559 obsidione
363 3493 517 3559 liberatos
541 3506 634 3558 extra
655 3493 775 3558 vallum
799 3515 947 3577 egressos
969 3495 1093 3559 fudisse
1114 3518 1152 3559 ao
1166 3497 1301 3581 fugasse

121 3598 154 3646 10
173 3581 293 3645 hostes.
310 3603 390 3666 quas
407 3581 448 3645 ob
465 3603 528 3661 res,
546 3582 572 3642 si
588 3582 739 3666 antiquus
755 3581 878 3643 animus
894 3578 1004 3663 plebei
1019 3582 1184 3645 Romanae
1201 3595 1299 3670 esset,

172 3668 340 3730 audaciter
362 3690 396 3731 se
419 3667 560 3731 laturum
581 3665 681 3730 fuisse
704 3667 745 3729 de
767 3665 955 3749 abrogando
978 3663 1017 3743 Q.
1034 3667 1128 3730 Fabii
1145 3671 1300 3755 imperio;

171 3775 256 3817 nunc
290 3753 452 3817 modicam
493 3753 695 3834 rogationem
729 3749 1008 3836 promulgaturum
1048 3753 1087 3817 de
1126 3759 1299 3840 aequando

112 3857 147 3902 n
162 3840 314 3921 magistri
338 3841 484 3926 equitum
508 3847 541 3904 et
563 3838 731 3902 dictatoris
752 3839 831 3900 iure.
851 3857 911 3900 nec
925 3846 1034 3900 tamen
1049 3860 1089 3902 ne
1104 3840 1149 3902 ita
1166 3844 1298 3925 quidem

928 4072 1039 4110 A
