2738 4146
90 149 107 204 2
186 176 189 180 ⁴
531 162 639 212 mana
656 163 677 212 1.
715 161 789 212 oar.
810 164 832 212 1.
903 181 906 187 =

107 349 123 398 8
143 333 303 398 humanae
325 336 490 419 patiantur
514 356 617 419 aequo
641 334 758 416 animo,
776 356 873 419 quam
896 333 1068 417 imperium
1093 333 1271 415 patiuntur.

143 421 200 484 sed
223 421 305 483 haec
329 420 434 484 ethis
462 420 587 494 similia,
617 430 794 505 utcumque
823 421 1050 483 animadversa
1078 427 1134 480 aut
1161 421 1271 482 existi-

107 522 123 570 9
144 516 229 569 mata
252 514 355 587 erunt,
379 505 464 569 haud
489 509 521 569 in
544 528 660 589 magno
685 507 837 591 equidem
860 527 979 590 ponam
1004 505 1204 569 discrimine:
1229 506 1272 569 ad

143 591 197 655 illa
220 593 299 654 mihi
322 614 381 678 pro
406 613 442 655 se
466 593 604 678 quisque
627 594 746 656 acriter
760 593 907 656 intendat
922 593 1073 671 animum,
1092 613 1176 674 quae
1192 593 1269 673 vita,

143 679 198 763 qui
220 701 328 742 mores
350 677 479 752 fuerint,
506 701 567 762 per
594 700 676 764 quos
702 681 790 743 viros
819 678 1002 763 quibusque
1035 676 1158 741 artibus
1183 678 1270 742 domi

143 763 343 849 militiaeque
360 774 392 828 et
407 775 537 847 partum
553 774 586 828 et
601 775 730 828 auctum
745 766 918 849 imperium
935 769 989 844 sit3
1005 762 1135 826 labente
1153 763 1269 827 deinde

142 849 298 936 paulatim
322 850 490 935 disciplina
519 850 609 915 velut
637 851 822 915 desidentes
848 852 952 934 primo
981 871 1088 913 mores
1116 860 1269 935 sequatur

143 938 260 1016 animo,
285 936 403 1000 deinde
426 946 462 1001 ut
483 938 587 1020 magis
610 937 777 1022 magisque
801 936 885 1021 lapsi
908 938 979 1017 sint,
1004 945 1072 998 tum
1088 937 1136 999 ire
1153 957 1267 1021 coepe·

141 1022 206 1085 rint
226 1023 432 1107 praecipites,
466 1022 571 1087 donec
594 1023 635 1085 ad
659 1022 740 1087 haec
762 1033 922 1106 tempora,
957 1021 1074 1107 quibus
1107 1044 1168 1085 nec
1189 1022 1271 1086 vitia.

90 1120 123 1168 10
143 1118 253 1171 nostra
274 1130 337 1171 nec
359 1109 506 1172 remedia
528 1110 596 1193 pati
613 1130 796 1194 possumus,
821 1117 1011 1193 perventum
1029 1117 1086 1170 est.
1112 1107 1174 1171 hoc
1189 1107 1268 1171 illud

63 1258 66 1263 ,
129 1204 193 1256 est
214 1196 390 1280 praecipue
417 1196 448 1256 in
478 1195 662 1278 cognitione
694 1217 802 1258 rerum
835 1193 965 1259 salubre
996 1216 1035 1257 ac
1065 1193 1267 1276 frugiferum,

143 1281 246 1343 omnis
270 1290 302 1344 te
326 1280 469 1364 exempli
492 1281 688 1344 documenta
708 1282 741 1343 in
764 1280 890 1344 inlustri
922 1281 1028 1365 posita
1057 1289 1267 1344 monumento

142 1367 273 1429 intueri:
296 1367 373 1430 inde
395 1366 454 1430 tibi
476 1376 618 1452 tuaeque
641 1367 863 1451 reipublicae
887 1367 974 1451 quod
996 1367 1123 1429 imitere
1148 1367 1268 1449 capias,

89 1464 120 1511 11
150 1452 225 1515 inde
247 1452 378 1516 foedum
396 1454 536 1536 inceptu,
558 1453 691 1516 foedum
707 1455 806 1535 exitu,
832 1453 919 1536 quod
935 1454 1027 1515 vites.
1052 1462 1197 1515 ceterum
1215 1461 1270 1515 aut

141 1561 192 1601 me
215 1560 306 1601 amor
320 1538 443 1622 negotii
462 1539 603 1623 suscepti
618 1538 708 1615 fallit,
727 1548 782 1602 aut
796 1537 884 1602 nulla
899 1559 1052 1622 umquam
1068 1560 1120 1602 res
1136 1537 1271 1622 publica

139 1646 200 1687 nec
223 1626 327 1688 maior
349 1646 409 1688 nec
432 1625 573 1688 sanctior
595 1647 656 1688 nec
678 1624 771 1689 bonis
801 1624 961 1710 exemplis
989 1624 1085 1687 ditior
1107 1624 1176 1702 suit,
1208 1646 1270 1686 nec

140 1712 173 1772 in
197 1732 293 1795 quam
317 1711 481 1774 civitatem
508 1720 576 1774 tam
605 1733 698 1775 serae
726 1711 861 1775 avaritia
887 1711 1082 1795 luxuriaque
1108 1711 1268 1792 immigra-

139 1797 256 1878 verint,
279 1817 340 1859 nec
363 1795 419 1859 ubi
442 1806 551 1859 tantus
575 1819 612 1860 ac
635 1807 700 1860 tam
725 1798 780 1860 diu
796 1797 982 1883 paupertati
998 1818 1036 1859 ac
1051 1796 1268 1878 parsimoniae

141 1882 243 1945 honos
265 1882 377 1945 fuerit:
408 1883 492 1946 adeo
516 1892 636 1966 quanto
666 1906 774 1946 rerum
797 1883 912 1964 minus,
935 1891 1024 1946 tanto
1048 1883 1153 1945 minus
1178 1882 1267 1964 cupi·

88 1981 121 2027 12
141 1967 250 2031 ditatis
275 1978 358 2049 erat3
385 1990 490 2051 nuper
514 1968 647 2032 divitiae
676 1970 858 2032 avaritiam·
874 1977 907 2031 et
928 1967 1131 2031 abundantes
1154 1965 1267 2049 volup·

140 2063 223 2117 tates
247 2053 444 2118 desiderium
471 2077 532 2138 per
554 2054 667 2117 luxum
690 2064 788 2139 atque
815 2053 982 2118 libidinem
1014 2054 1173 2140 pereundi
1195 2074 1267 2136 per·

144 2141 308 2225 dendique
333 2141 441 2204 omnia
470 2143 635 2204 invexere.
667 2141 725 2204 sed
754 2139 929 2225 querellae,
961 2162 1002 2204 ne
1032 2150 1102 2204 tum
1136 2139 1266 2224 quidem

141 2236 253 2308 gratae
284 2227 423 2306 futurae,
458 2249 531 2289 cum
565 2227 700 2291 forsitan
730 2227 935 2291 necessariae
969 2237 1071 2302 erunt,
1105 2226 1145 2289 ab
1176 2225 1267 2286 initio

87 2326 120 2374 13
149 2321 236 2375 certe
258 2320 367 2377 tantae
384 2313 560 2376 ordiendae
575 2315 622 2376 rei
638 2313 758 2393 absint3
784 2334 857 2375 cum
874 2312 965 2375 bonis
982 2314 1089 2395 potius
1107 2309 1268 2374 ominibus

137 2399 288 2483 votisque
313 2408 345 2461 et
368 2398 609 2483 precationibus
634 2399 769 2462 deorum
793 2398 1002 2481 dearumque,
1027 2399 1063 2477 si,
1093 2408 1128 2461 ut
1150 2397 1268 2482 poetis,

137 2484 230 2547 nobis
270 2506 401 2569 quoque
436 2506 507 2549 mos
540 2495 636 2567 esset,
668 2484 820 2549 libentius
853 2485 1081 2569 inciperemus,
1115 2494 1152 2546 ut
1186 2483 1269 2546 orsis

137 2579 260 2633 tantum
285 2572 392 2654 operis
423 2593 593 2635 successus
616 2593 791 2656 prosperos
815 2571 939 2635 darent.

104 2671 118 2719 1
238 2655 265 2719 I.
289 2657 357 2719 lam
386 2658 526 2740 primum
559 2658 700 2720 omnium
732 2658 810 2721 satis
838 2665 966 2720 constat
987 2656 1085 2718 Troia
1113 2663 1209 2737 capta
1237 2655 1270 2717 in

138 2750 265 2806 ceteros
293 2743 452 2806 saevitum
479 2765 549 2806 esse
580 2743 754 2824 Troianos3
788 2743 926 2823 duobus,
960 2740 1091 2806 Aeneae
1126 2739 1269 2803 Anteno-

137 2829 240 2913 rique,
267 2837 300 2891 et
321 2829 442 2891 vetusti
464 2829 534 2892 iure
561 2827 694 2912 hospitii
724 2839 756 2892 et
786 2831 862 2915 quia
893 2829 984 2913 pacis
1012 2827 1285 2915 reddendaeque¹

136 2911 284 2978 Helenae
306 2936 437 2999 semper
460 2923 608 2977 auctores
639 2914 777 2993 fuerant,
812 2937 905 2978 omne
937 2916 987 2978 ius
1019 2912 1096 2978 belli
1120 2912 1268 2975 Achivos

102 2999 345 3081 aabstinuiss03
380 2999 506 3062 casibus
531 2999 650 3063 deinde
671 3003 770 3064 variis
793 3000 994 3064 Antenorem
1026 3022 1099 3062 cum
1124 2998 1268 3061 multitu·

139 3086 213 3148 dine
235 3086 386 3166 Enetum,
422 3087 477 3170 qui
501 3086 659 3151 seditione
682 3109 724 3149 ex
746 3085 970 3170 Paphlagonia
1003 3084 1088 3170 pulsi
1118 3094 1150 3148 et
1173 3086 1270 3147 sedes

103 3181 173 3238 aet
195 3172 312 3245 ducem
344 3194 422 3255 rege
444 3171 643 3255 Pylaemene
675 3174 716 3237 ad
744 3173 873 3235 Troiam
906 3174 1023 3236 amisso
1057 3169 1269 3256 quaerebant,

137 3260 266 3322 venisse
289 3260 322 3320 in
345 3259 492 3322 intimum
509 3258 691 3321 Hadriatici
707 3260 804 3322 maris
825 3260 938 3337 sinum,
955 3259 1195 3341 Euganeisque,
1214 3257 1269 3340 qui

138 3345 222 3407 inter
244 3366 333 3407 mare
356 3344 525 3429 Alpesque
548 3344 744 3427 incolebant,
772 3344 874 3430 pulsis
897 3345 1021 3408 Enetos
1044 3344 1270 3426 Troianosque

138 3453 192 3493 eas
216 3432 358 3494 tenuisse
382 3441 494 3494 terras.
521 3432 607 3494 etin
631 3454 726 3516 quem
751 3433 889 3514 primum
913 3431 1036 3514 egressi
1059 3440 1133 3493 sunt
1148 3428 1268 3504 locum,

136 3516 234 3579 Troia
265 3527 402 3581 vocatur
429 3538 581 3600 pagoque
605 3517 744 3581 Troiano
769 3517 845 3579 inde
867 3538 984 3580 nomen
1009 3525 1070 3591 est3
1101 3537 1178 3598 gens
1202 3516 1270 3577 uni-

99 3620 231 3667 aversa
252 3602 372 3667 Veneti
397 3601 562 3687 appellati.
597 3605 741 3667 Aeneam
766 3603 807 3666 ab
831 3602 926 3665 simili
957 3602 1049 3665 clade
1075 3603 1170 3664 domo
1195 3622 1270 3684 pro·

134 3689 256 3771 iugum,
281 3690 337 3752 sed
363 3689 404 3751 ad
427 3689 550 3752 maiora
581 3711 689 3752 rerum
717 3692 811 3753 initia
846 3688 1037 3752 ducentibus
1067 3688 1140 3750 fatis
1164 3688 1270 3771 primo

129 3775 163 3833 in
187 3775 416 3838 Macedoniam
440 3776 578 3854 venisse,
613 3775 691 3839 inde
714 3777 747 3839 in
770 3774 913 3840 Siciliam
940 3785 1149 3858 quaerentem
1174 3773 1270 3837 sedes

112 3855 273 3935 deutrum,
300 3859 345 3922 ab
368 3860 482 3926 Sicilia
516 3860 622 3927 classe
658 3862 700 3928 ad
730 3862 934 3927 Laurentem
968 3883 1083 3944 agrum
1113 3859 1267 3924 tenuisse.
