2738 4146
333 135 443 185 muns
459 136 531 188 xxi.
553 136 628 187 oar.
647 139 810 188 111115.
830 136 863 206 [a.
884 138 916 190 u.
936 156 959 190 0.
979 139 1047 207 11].
1222 126 1280 184 125

88 309 240 398 peditum
263 308 416 374 Hannoni
438 310 479 374 ad
502 311 700 398 praesidium
724 311 918 376 obtinendae
940 315 1081 396 regionis
1105 312 1180 378 data
1200 322 1232 377 11

91 394 180 461 mille
204 397 339 482 equites.
362 405 534 483 postquam
556 421 616 486 per
637 398 842 482 Pyrenaeum
866 397 983 463 saltum
996 399 1123 464 traduci
1139 416 1267 464 exer-4

91 485 175 548 citus
200 492 250 546 est
273 493 416 569 coeptus,
440 487 616 570 rumorque
638 506 697 570 per
719 483 878 549 barbaros
900 487 1043 548 manavit
1058 487 1176 551 certior
1192 485 1232 549 de

90 567 181 634 bello
204 567 362 650 Romans,
394 571 457 633 tria
485 569 573 635 milia
602 571 679 635 indo
711 568 968 657 Carpetanorum
1023 571 1146 637 editum
1172 573 1233 635 iter

92 664 292 721 averterunt.
317 654 487 721 constabat
506 679 570 721 non
584 665 651 720 tam
665 654 752 722 bello
768 666 872 721 motos
889 679 986 743 quam
998 595 1233 744 longinquitate

92 745 165 806 viae
188 739 508 829 inexsuperabilique
531 741 662 830 Alpium
684 745 828 808 transitu.
851 742 1025 826 Hannibal,
1049 746 1125 830 quia
1139 763 1266 810 reve-5

93 850 170 893 care
194 836 250 891 aut
271 829 304 891 vi
325 830 464 891 retinere
503 850 558 894 eos
593 851 712 916 anceps
737 838 813 910 erat,
848 851 887 892 ne
921 838 1104 894 ceterorum
1136 833 1232 894 etiam

92 913 221 979 feroces
260 915 357 977 animi
393 916 607 996 imitarentur,
646 938 745 1001 supra
781 925 906 1001 septem
945 915 1033 980 milia
1069 916 1267 984 1111111116

96 1001 211 1065 domos
234 1002 366 1080 remisit,
400 1022 482 1086 quos
515 1010 547 1065 et
575 1004 663 1088 ipsos
686 1004 816 1084 gravari
837 1001 951 1066 militia
972 1010 1127 1077 senserat,
1153 1000 1231 1066 Oar-

93 1097 232 1173 petanos
256 1108 386 1234 quoque
409 1086 450 1150 ab
474 1109 510 1152 se
533 1086 682 1151 dimissos
706 1086 869 1152 simulans.
1221 1145 1250 1159 ,

199 1171 267 1235 XX
289 1172 325 1234 V.
349 1171 441 1254 Inde,
464 1195 506 1236 ne
528 1196 620 1238 mora
642 1182 738 1259 atque
763 1176 862 1238 otium
885 1176 1008 1255 animos
1036 1171 1232 1255 sollicitaret,
1255 1195 1268 1242 1

95 1282 171 1323 oum
193 1256 326 1344 reliquis
350 1260 451 1345 copiis
473 1259 679 1342 Pyrenaeum
701 1260 937 1343 transgreditur
960 1268 992 1324 et
1014 1259 1056 1323 ad
1077 1259 1233 1346 oppidum

93 1343 225 1409 Iliberri
248 1353 355 1408 castra
376 1342 471 1408 locat.
497 1342 593 1425 Galli,
617 1368 814 1432 quamquam
835 1345 949 1410 Italiae
972 1343 1095 1410 bellum
1122 1345 1233 1409 inferri
1254 1367 1269 1414 2

95 1430 281 1503 audiebant,
298 1438 415 1512 tamen,
440 1433 563 1517 quievi
578 1431 729 1496 subactos
744 1440 833 1496 trans
848 1431 1053 1514 Pyrenaeum
1070 1430 1233 1517 Hispanos

93 1515 182 1581 fama
204 1526 275 1580 erat
295 1516 522 1602 praesidiaque
553 1515 663 1581 valida
695 1520 842 1604 inposita,
877 1525 967 1582 metu
997 1520 1159 1582 servitutis
1192 1517 1233 1581 ad

94 1625 187 1667 arma
209 1605 405 1667 consternati
427 1603 644 1668 Ruscinonem
661 1601 782 1689 aliquot
795 1602 909 1690 populi
924 1606 1128 1668 conveniunt.
1145 1602 1231 1690 qnod
1252 1613 1267 1660 3

93 1688 151 1754 ubi
174 1687 354 1752 Hannibali
385 1691 564 1753 nuntiatum
597 1698 655 1769 est,
687 1712 812 1753 moram
844 1692 947 1772 magis
980 1712 1077 1774 quam
1111 1688 1234 1754 bellum

95 1785 254 1853 metuens,
279 1784 423 1840 oratores
447 1774 488 1838 ad
511 1773 643 1859 regulos
671 1796 782 1839 eorum
814 1778 915 1839 misit:
947 1774 1098 1860 conloqui
1130 1784 1234 1840 semet

93 1864 201 1948 ipsum
225 1883 300 1925 oum
321 1862 360 1925 iis
382 1858 476 1941 velle,
501 1870 534 1926 et
554 1860 607 1925 vel
629 1859 675 1925 illi
689 1863 822 1948 propius
844 1860 1006 1925 Iliberrim
1030 1860 1232 1943 accederent,

92 1946 148 2012 vel
172 1968 208 2012 se
231 1946 447 2012 Ruscinonem
470 1968 710 2034 processurum,
733 1956 769 2011 ut
785 1969 826 2011 ex
841 1950 1023 2035 propinquo
1040 1968 1233 2030 congressus
1254 1958 1270 2005 4

92 2031 222 2098 facilior
244 2043 344 2098 esset:
368 2055 443 2097 nam
467 2043 499 2097 et
521 2042 730 2120 accepturum
746 2055 802 2097 eos
818 2035 851 2096 in
867 2043 973 2098 castra
988 2056 1047 2097 sua
1062 2056 1096 2097 se
1112 2032 1233 2097 laetum

92 2142 156 2184 neo
180 2127 369 2183 cunctanter
392 2121 556 2206 seipsum
579 2120 621 2183 ad
650 2141 706 2184 eos
739 2128 920 2184 venturum.
955 2118 1117 2206 hospitem
1148 2122 1233 2183 enim

94 2228 131 2271 se
148 2203 286 2283 Galliae,
302 2227 368 2269 non
384 2204 510 2270 hostem
527 2204 699 2270 advenisse
713 2226 775 2270 neo
791 2208 978 2270 stricturum
994 2215 1067 2269 ante
1079 2204 1232 2288 gladium,

92 2294 121 2358 si
143 2313 205 2378 per
228 2289 342 2356 Gallos
357 2289 462 2372 liceat,
487 2314 585 2377 quam
606 2293 639 2355 in
653 2289 781 2355 Italiam
801 2295 955 2356 venisset.
982 2300 1014 2354 et
1027 2314 1088 2439 per
1103 2294 1231 2356 nuntios
1253 2302 1268 2350 o

92 2377 228 2465 quidem
250 2375 348 2456 haec3
379 2386 416 2442 ut
437 2399 515 2442 vero
539 2376 644 2460 reguli
667 2375 837 2442 Gallorum
860 2380 972 2442 castris
1005 2399 1025 2440 a
1069 2376 1232 2440 Iliberrim

93 2463 260 2552 extemplo
293 2465 388 2528 motis
418 2462 506 2528 haud
539 2473 672 2547 gravate
704 2464 746 2527 ad
768 2463 916 2528 Poenum
946 2472 1115 2542 venerunt,
1147 2465 1233 2549 capti

91 2549 187 2615 donis
225 2572 300 2614 cum
336 2549 423 2614 bona
458 2567 540 2636 pace
578 2551 757 2615 exercitum
792 2571 853 2638 per
884 2549 965 2614 fines
995 2571 1072 2613 suos
1103 2557 1233 2636 praeter

90 2636 313 2703 Ruscinonem
336 2635 493 2722 oppidum
514 2638 768 2701 transmiserunt.

198 2720 310 2786 XXV.
341 2720 380 2785 In
402 2721 530 2786 Italiam
561 2723 690 2786 interim
721 2721 799 2786 nihil
830 2720 915 2786 ultra
946 2742 1043 2807 quam
1070 2719 1266 2785 Hiberum1

89 2810 248 2874 transisse
270 2805 490 2872 Hannibalem
522 2830 542 2871 a
563 2806 814 2872 Massiliensium
847 2806 961 2889 legatis
992 2806 1130 2871 Romam
1159 2829 1232 2893 per-

91 2895 196 2960 latum
231 2903 309 2975 erat,
344 2916 428 2975 cum,
460 2893 596 2981 perinde
628 2915 667 2958 ao
699 2896 726 2958 si
751 2892 854 2980 Alpes
877 2896 941 2956 iam
963 2895 1140 2975 transisset,
1171 2893 1266 2957 Boia

90 2980 271 3048 sollicitatis
306 2978 500 3045 Insubribus
538 2979 729 3045 defecerunt
765 3001 829 3044 nec
866 2988 933 3043 tam
965 2978 1006 3044 ob
1040 2988 1169 3042 veteres
1199 2981 1232 3042 in

114 3065 250 3155 apulum
281 3065 463 3131 Romanum
493 3068 568 3146 iras,
600 3088 698 3152 quam
730 3065 818 3153 quod
850 3086 955 3151 nuper
987 3066 1074 3128 oiroa
1106 3063 1231 3128 Padum

88 3092 294 3219 Placentiam
317 3150 577 3237 Cremonamque
609 3150 751 3217 colonias
782 3154 814 3215 in
847 3174 962 3234 agrum
991 3149 1154 3214 Gallicum
1178 3149 1231 3212 de-

90 3240 207 3306 ductas
240 3259 337 3323 aegre
364 3237 580 3325 patiebantur.
595 3276 604 3295 1
618 3241 726 3325 itaque
759 3240 856 3301 armis
883 3246 1016 3324 repente
1041 3238 1176 3321 arreptis
1199 3238 1265 3299 1113

90 3348 167 3392 eum
188 3327 297 3413 ipsum
320 3346 434 3408 agrum
456 3326 579 3412 impetu
601 3323 686 3388 facto
709 3333 832 3388 tantum
855 3325 988 3387 terroris
1013 3345 1051 3386 ao
1074 3320 1229 3385 tmnultus

88 3411 249 3494 fecerunt,
271 3417 394 3476 utnon
417 3413 556 3495 agrestis
580 3411 678 3475 modo
703 3408 883 3491 multitudo,
908 3409 966 3473 sed
988 3410 1049 3494 ipsi
1072 3410 1231 3471 triumviri

88 3498 239 3581 Romani,
274 3498 329 3584 qui
355 3497 396 3561 ad
425 3518 539 3580 agrum
571 3506 728 3560 venerant
754 3495 1001 3580 adsignandum,
1038 3493 1135 3558 diffisi
1156 3492 1229 3583 Pla-

89 3588 218 3652 cantiae
240 3582 411 3649 moenibus
434 3583 592 3648 Mutinam
616 3582 826 3666 confugerint,
852 3581 888 3645 O.
912 3581 1070 3659 Lutatius,
1097 3577 1229 3642 (1811-

88 3671 195 3753 vilius,
224 3668 270 3733 M.
297 3667 433 3734 Annius.
480 3669 600 3733 Lutatii
626 3691 745 3733 nomen
778 3667 866 3732 haud
900 3666 1035 3730 dubium
1068 3674 1130 3746 est3
1170 3683 1270 3751 prot

87 3756 198 3823 Annio
227 3754 431 3841 Servilioque
459 3755 514 3818 M’.
559 3753 701 3819 Acilium
735 3763 767 3818 et
798 3753 834 3819 O.
866 3751 1068 3817 Herennium
1108 3750 1230 3815 habent

89 3844 224 3932 quidam
247 3840 389 3924 annales,
422 3839 476 3906 alii
498 3842 535 3905 P.
561 3839 749 3906 Cornelium
771 3839 908 3906 Asinam
939 3847 974 3904 et
1003 3835 1044 3902 (1.
1063 3837 1240 3921 Papirium
