2738 4146
128 122 189 182 124
360 133 556 183 1111111111.
576 133 652 183 oar.
670 135 711 183 21.
730 136 771 186 22.
791 136 832 184 11.
851 131 887 202 [a.
906 134 938 184 u.
958 131 1071 203 11111

179 307 245 388 gini
281 303 443 392 praesidio
482 327 564 386 esse,
601 308 719 391 partim
753 303 902 369 distribui
939 328 998 392 per
1036 305 1182 371 Africam
1216 307 1319 372 iubet.

179 389 274 455 simul
297 412 358 455 oon
382 389 567 455 uisitoribus
599 394 632 454 in
655 393 799 455 civitates
823 394 928 455 missis
952 401 1104 477 quattuor
1132 392 1319 460 1111111111-

180 479 299 563 scripta
322 413 468 540 delectae
498 478 683 557 iuventutis,
716 477 914 563 praesidium
946 476 1080 542 eosdem
1112 487 1144 542 et
1176 479 1318 562 obsides,

180 562 255 627 duoi
279 561 508 644 Carthaginem
529 561 627 626 iubet.

146 674 159 721 1
282 647 393 711 XXII.
416 646 531 734 Neque
554 647 744 734 Hispaniam
771 647 1010 730 neglegendam
1032 657 1131 729 ratus,
1165 662 1263 736 atque
1285 651 1318 715 id

180 736 356 814 eominus,
389 733 475 820 quod
498 732 586 798 haud
617 736 749 816 ignarus
773 743 842 797 erat
863 735 1064 799 circumitam
1096 734 1137 799 ab
1163 735 1317 802 Romanis

181 841 253 884 eam
274 819 389 903 legatis
421 818 462 881 ad
487 817 705 884 sollicitandos
736 821 918 907 principum
949 823 1082 902 animos,
1114 821 1316 888 Hasdrubali

143 929 158 976 2
179 905 282 980 fratri,
305 909 374 970 viro
390 907 528 992 inpigro,
552 927 622 969 eam
638 908 839 992 provinciam
854 905 993 970 destinat
1009 906 1117 971 firmat
1138 930 1181 972 ue
1196 907 1317 974 Africis

179 994 320 1056 maxime
341 993 522 1078 praesidiis,
545 991 691 1078 pediturn
711 990 867 1056 Afrorum
888 991 1040 1057 undecim
1063 992 1130 1058 mili
1154 1016 1193 1057 us
1218 997 1317 1059 octin-

179 1080 282 1160 gentis
299 1079 540 1165 quinquaginta,
556 1077 732 1161 Liguribus
747 1079 909 1147 trecentis,
920 1077 1104 1142 Baliaribus
1122 1081 1316 1165 quingentis.

144 1163 221 1238 3111
244 1163 326 1229 haec
347 1165 493 1251 peditum
515 1166 635 1228 auxilia
656 1163 758 1228 additi
781 1166 903 1250 equites
926 1163 1202 1251 Libyphoenices,
1235 1168 1316 1232 mix-

179 1259 248 1314 tum
270 1249 429 1315 Punicum
443 1248 532 1312 Afris
555 1271 667 1332 genus,
692 1249 919 1335 quadringenti
941 1252 1176 1337 quinquaginta
1200 1261 1233 1317 et
1249 1252 1316 1317 Nu·

179 1335 286 1400 midae
301 1336 481 1422 Maurique,
505 1334 636 1400 accolae
653 1333 785 1416 Oceani,
810 1334 850 1398 ad
867 1333 955 1400 mille
972 1339 1146 1421 octingenti
1161 1347 1195 1403 et
1213 1361 1317 1426 parva

179 1420 355 1505 Ilergetum
377 1444 491 1486 manus
515 1442 557 1485 ex
578 1421 745 1508 Hispania,
770 1424 906 1486 trecenti
928 1424 1062 1509 equites,
1096 1432 1137 1503 et,
1160 1446 1203 1489 ne
1227 1425 1314 1512 quod

144 1537 160 1584 4
178 1510 339 1572 terrestris
357 1506 486 1572 deesset
508 1506 619 1572 auxilii
634 1530 746 1590 genus,
771 1506 934 1595 elephanti
955 1510 1069 1592 viginti
1083 1531 1179 1574 unus.
1202 1510 1315 1577 classis

201 1605 347 1658 raeterea
370 1593 446 1657 data
461 1593 502 1656 ad
525 1593 680 1658 tuendam
695 1595 888 1659 maritimam
910 1617 1010 1673 oram,
1056 1596 1119 1678 uia,
1143 1618 1209 1682 qua
1223 1607 1316 1683 parte

178 1619 256 1744 lolli
277 1681 431 1757 vicerant,
464 1701 503 1744 ea
524 1687 593 1744 tum
616 1700 746 1766 quoque
768 1702 839 1745 rem
861 1680 1009 1763 gestires
1032 1617 1197 1747 Homonos
1222 1684 1314 1748 credi

178 1775 316 1852 poterat,
361 1768 592 1852 quinquaginta
640 1768 899 1852 quinqueremes,
951 1766 1173 1853 quadriremes
1219 1768 1314 1849 duae,

180 1855 328 1917 triremes
356 1855 512 1937 quinque,
547 1851 604 1914 sed
628 1860 721 1938 aptae
751 1854 992 1937 instructaeque
1023 1854 1159 1936 remigio
1181 1856 1315 1939 triginta

179 1947 211 2002 11
233 1938 317 2002 duae
340 1939 588 2024 quinqueremes
613 1947 704 2000 erant
729 1946 762 2002 et
781 1939 929 2001 triremes
953 1939 1105 2024 quinque.

143 2042 158 2089 t
281 2022 332 2086 Ab
357 2021 505 2087 Gadibus
530 2021 760 2106 Carthaginem
792 2023 832 2086 ad
864 2022 1002 2087 hiberna
1024 2025 1189 2090 exercitus
1213 2027 1316 2108 retlit3

178 2118 276 2195 atque
299 2108 374 2173 inde
406 2109 571 2195 profectus
604 2120 735 2195 praeter
759 2108 904 2174 Onusam
934 2109 1052 2174 urbem
1083 2109 1125 2173 ad
1152 2109 1317 2178 Hiberum

143 2217 237 2282 aper
258 2197 451 2260 maritimam
474 2215 564 2260 oram
586 2194 684 2260 ducit.
707 2195 753 2259 ibi
776 2195 862 2259 fama
884 2204 934 2260 est
954 2196 986 2259 in
1010 2198 1119 2282 quiete
1138 2198 1247 2263 visum
1274 2198 1315 2264 ab

178 2304 216 2346 eo
239 2283 390 2345 iuvenem
413 2281 522 2345 divina
545 2284 663 2368 specie,
688 2284 743 2368 qui
765 2303 800 2345 se
823 2280 864 2344 ab
886 2280 966 2346 Iove
991 2281 1116 2346 diceret
1138 2282 1258 2350 ducem
1280 2287 1315 2350 in

176 2366 303 2432 Italiam
325 2366 502 2433 Hannibali
523 2370 671 2432 missum:
694 2366 831 2454 proinde
846 2375 1038 2454 sequeretur
1052 2389 1160 2455 neque
1175 2393 1314 2457 usquam

144 2475 253 2531 7111
285 2452 476 2518 deflecteret
503 2452 623 2519 oculos.
661 2454 817 2540 pavidum
847 2456 951 2540 primo
984 2475 1146 2541 nusquam
1177 2458 1314 2522 circum·

177 2542 367 2627 spicientem
399 2547 454 2605 aut
485 2542 713 2625 respicientem
736 2548 897 2618 secutum3
933 2539 1051 2604 deinde
1084 2563 1165 2606 cura
1194 2545 1316 2627 ingenii

178 2625 319 2708 humani,
344 2649 427 2706 curn,
453 2626 608 2713 quidnam
628 2625 661 2690 id
680 2635 774 2708 11111,
798 2624 883 2711 quod
902 2627 1067 2713 respicere
1081 2629 1202 2694 vetitus
1218 2638 1314 2712 esset,

56 2788 59 2794 Α
142 2744 158 2791 g
176 2715 314 2796 agitaret
336 2715 452 2793 animo,
475 2722 659 2798 temperare
681 2709 781 2776 oculis
797 2713 996 2797 nequivisse,
1019 2722 1088 2777 tum
1102 2713 1225 2780 vidisse
1240 2724 1316 2802 post

177 2820 249 2863 sese
272 2807 458 2884 serpentem
488 2801 571 2862 mira
601 2797 824 2880 magnitudine
853 2821 928 2862 cum
949 2800 1073 2881 ingenti
1095 2799 1252 2866 arborum
1276 2823 1315 2868 aa

175 2882 391 2966 virgultorum
414 2893 523 2966 strage
546 2884 624 2947 ferri
647 2905 684 2946 11
706 2894 781 2970 post
802 2886 929 2970 insequi
963 2905 1036 2948 cum
1067 2883 1199 2970 fragore
1232 2885 1314 2953 caeli

141 2970 330 3035 enimbum.
354 2979 432 3049 111111,
457 2992 540 3057 1111
571 2969 673 3035 moles
706 2991 745 3032 ea
775 2968 894 3057 quidve
925 2970 1065 3056 prodigii
1088 2981 1185 3054 11111,
1215 2996 1312 3060 1111-

176 3065 302 3120 rentem
326 3055 455 3120 audisse
477 3059 663 3121 vastitatem
685 3054 798 3120 Italiae
831 3077 917 3121 esse:
949 3067 1103 3143 pergeret
1132 3081 1233 3144 porro
1265 3062 1314 3127 ire

175 3165 237 3208 nco
258 3141 344 3206 ultra
365 3144 543 3229 inquireret
565 3144 751 3228 sineretque
772 3142 840 3206 fata
861 3145 892 3206 in
917 3141 1045 3208 occulto
1069 3163 1151 3208 1111.

142 3246 154 3291 1
279 3228 409 3292 XXIII.
446 3228 521 3294 Hoo
557 3231 629 3293 visu
666 3227 769 3293 laetus
807 3231 967 3315 tripertito
1004 3228 1167 3296 Hiberum
1205 3236 1315 3323 copias

176 3316 302 3378 traiecit
323 3316 519 3401 praemissis,
548 3317 603 3401 qui
627 3312 795 3379 Gallorum
827 3317 961 3395 animos,
994 3338 1058 3402 qua
1093 3317 1315 3388 traducendus

177 3402 339 3465 exercitus
364 3410 441 3477 erat,
469 3401 561 3466 donis
595 3399 803 3464 conciliarent
832 3398 1026 3488 Alpiumque
1058 3404 1213 3471 transitus
1244 3429 1315 3494 spe·

177 3485 373 3551 cularentur.
397 3490 573 3570 nonaginta
596 3484 684 3550 milia
703 3486 860 3573 peditum,
877 3485 1050 3551 duodecim
1065 3486 1155 3554 milia
1170 3495 1316 3579 equitum

141 3590 156 3636 2
178 3573 336 3636 Hiberum
359 3574 511 3638 traduxit.
536 3571 694 3655 Ilergetes
716 3571 792 3635 inde
807 3571 1050 3660 Bargusiosque
1072 3583 1106 3639 11
1126 3574 1315 3647 Ausetanos

178 3668 209 3722 11
231 3658 447 3731 Lacetaniam,
473 3679 556 3746 quae
579 3656 725 3721 subiecta
740 3657 916 3742 Pyrenaeis
932 3659 1094 3726 montibus
1110 3671 1169 3747 est,
1186 3664 1317 3749 subegit

178 3766 320 3830 oraeque
342 3744 418 3809 huic
442 3747 527 3809 omni
549 3742 705 3830 praefecit
727 3743 930 3820 Hannonem,
954 3753 990 3809 ut
1010 3744 1132 3832 fauces,
1156 3752 1316 3839 1111111·

133 3834 305 3912 espanias
340 3830 452 3895 Galliis
487 3833 632 3912 iungunt,
664 3832 695 3892 in
726 3839 884 3916 potestate
921 3841 1037 3896 essent.
1077 3833 1195 3902 decem
1226 3837 1316 3905 milia
