2738 4146
86 114 127 171 64
386 129 494 177 LIBER
511 130 544 178 11.
565 128 639 179 cnr.
659 133 698 180 11.
720 133 759 179 13.
780 127 812 194 [a.
832 129 863 178 U,
883 126 991 195 01161

138 297 334 382 prehensum
344 300 426 382 regii
436 298 588 363 satellites
598 302 820 372 retraxissent,
832 297 1054 362 antetribunal
1064 299 1150 382 regis
1168 298 1274 363 desti·'

139 395 235 458 tutus,
264 396 332 446 tum
357 406 485 469 quoque
513 387 596 448 inter
622 396 728 448 tantas
760 386 910 447 fortunae
938 387 1040 448 minas
1069 386 1266 449 metuendus

96 486 112 534 9
138 470 240 552 magis
257 492 351 554 quam
364 482 511 534 metuens
524 471 706 553 ,Romanus
719 473 809 533 sum“
822 473 926 554 inquit
938 471 1052 554 ,civis3
1069 468 1105 533 O.
1117 469 1266 534 Mucium

138 566 266 616 vocant.
290 555 391 618 hostis
413 557 538 619 hostem
563 559 711 620 occidere
727 557 825 636 volui,
848 579 908 619 nec
931 556 971 619 ad
998 566 1134 618 mortem
1158 559 1266 620 minus

98 659 129 706 10
139 640 237 702 animi
260 651 317 716 est,
343 663 439 726 quam
461 641 522 703 fuit
536 642 577 703 ad
601 643 750 706 caedem:
775 654 807 704 et
829 641 935 705 facere
960 652 991 704 et
1007 643 1075 724 pati
1090 640 1189 704 fortia
1203 642 1267 706 Ro·

139 747 269 788 manum
294 739 350 790 est.
380 749 440 790 nec
468 750 550 789 unus
577 727 610 789 in
637 736 670 789 te
699 749 759 810 ego
789 727 847 790 hos
877 730 1000 790 animos
1023 728 1124 809 gessi;
1147 725 1266 810 longus

139 824 213 894 post
239 834 291 874 me
319 813 397 875 ordo
432 822 482 875 est
508 813 595 874 idem
627 815 805 896 petentium
834 812 942 876 decus.
975 812 1112 895 proinde
1140 812 1173 874 in
1202 813 1267 878 hoc

139 897 322 971 discrimen,
352 899 379 960 si
402 901 500 975 iuvat,
528 899 707 980 accingere,
735 909 771 962 ut
797 900 830 960 in
860 897 1003 981 singulas
1031 898 1127 961 horas
1159 901 1266 981 capite

140 982 271 1045 dimices
295 992 358 1056 tu0,
387 982 506 1046 ferrum
530 983 723 1068 hostemque
752 985 783 1045 in
807 983 969 1048 vestibulo
993 982 1117 1046 habeas
1139 985 1265 1066 regiae.

96 1066 202 1135 11hoc
224 1067 283 1129 tibi
305 1069 456 1131 iuventus
479 1068 625 1131 Romana
652 1070 822 1131 indicimus
845 1069 979 1133 bellum.
1002 1068 1124 1132 nullam
1147 1072 1264 1142 aciem,

138 1151 260 1215 nullum
285 1152 442 1236 proelium
459 1155 617 1217 timueris:
642 1156 696 1217 uni
717 1156 775 1217 tibi
800 1166 832 1219 et
854 1177 927 1218 cum
944 1153 1078 1236 singulis
1101 1176 1154 1218 res
1170 1156 1264 1220 erit.“

95 1260 128 1308 12
139 1260 211 1300 cum
234 1261 293 1301 rex
321 1239 415 1301 simul
442 1241 491 1302 ira
510 1239 652 1303 infensus
675 1240 884 1325 periculoque
910 1241 1102 1303 conterritus
1127 1241 1265 1304 circum·

139 1324 209 1386 dari
231 1325 321 1406 ignes
351 1325 591 1387 minitabundus
619 1325 755 1403 iuberet,
784 1328 846 1389 nisi
874 1336 1083 1411 expromeret
1108 1347 1265 1410 propere,

96 1434 128 1481 13
139 1432 218 1494 quas
241 1410 431 1472 insidiarum
455 1411 515 1473 sibi
540 1411 642 1472 minas
666 1434 726 1493 per
754 1412 909 1494 ambages
931 1413 1061 1488 iaceret,
1097 1433 1157 1495 ,en
1181 1411 1263 1475 1111α

137 1496 249 1578 inquit,
276 1507 330 1576 ,ut
357 1498 485 1565 sentias.
517 1518 612 1581 quam
640 1496 705 1559 vila
737 1519 853 1581 corpus
881 1498 922 1560 sit
948 1499 996 1573 iis,
1026 1497 1081 1580 qui
1112 1519 1264 1579 magnam

137 1580 270 1663 gloriam
296 1581 437 1662 vident“,
467 1582 681 1666 dextramque
704 1604 840 1645 accenso
868 1583 910 1645 ad
933 1581 1126 1646 sacrificium
1152 1581 1263 1646 foculo

138 1667 235 1729 inicit.
266 1689 362 1751 quam
391 1688 463 1730 cum
498 1667 588 1730 velut
615 1667 754 1730 alienato
782 1668 823 1730 ab
852 1690 948 1731 sensu
976 1677 1117 1730 torreret
1143 1668 1264 1749 animo,

138 1773 242 1837 prope
265 1754 418 1815 attonitus
441 1752 597 1816 miraculo
624 1775 684 1815 rex
707 1776 780 1815 cum
804 1753 845 1816 ab
870 1754 948 1816 sede
972 1776 1029 1816 sua
1057 1751 1265 1838 prosiluisset

97 1848 130 1896 14
140 1839 349 1922 amoverique
376 1837 417 1901 ab
446 1838 600 1900 altaribus
628 1839 777 1900 iuvenem
805 1841 960 1916 iussisset,
992 1850 1045 1920 ,tu
1073 1859 1152 1902 vero
1187 1839 1261 1902 ubil

138 1924 253 2006 inquit,
283 1927 333 2003 „in
366 1932 398 1986 te
426 1926 528 2006 magis
556 1944 653 2008 quam
680 1924 712 1985 in
740 1946 792 1988 me
820 1923 948 1988 hostilia
975 1946 1082 1986 ausus.
1112 1923 1264 1989 iuberem

138 2019 242 2072 macte
257 2011 375 2071 virtute
393 2031 473 2088 esse,
498 2011 525 2072 si
548 2030 607 2092 pro
628 2031 701 2071 mea
724 2011 828 2093 patria
842 2012 904 2074 ista
919 2011 1020 2073 virtus
1037 2018 1151 2090 staret,
1175 2031 1264 2074 nunc

96 2095 207 2156 1511110
231 2093 307 2156 belli
329 2093 466 2157 liberum
489 2104 522 2157 te
544 2096 699 2157 intactum
724 2095 977 2180 inviolatumque
1001 2095 1077 2157 hinc
1100 2095 1262 2159 dimitto“.

137 2189 215 2242 tunc
237 2180 363 2242 Mucius
391 2181 483 2264 quasi
510 2202 721 2244 remunerans
747 2183 897 2243 meritum
928 2180 1077 2266 ,quando
1105 2181 1259 2264 quidem“

136 2265 241 2348 inquit
265 2276 333 2347 ,est
355 2267 440 2351 apud
465 2276 498 2329 te
514 2266 623 2328 virtuti
647 2265 760 2345 honos,
784 2275 819 2329 ut
835 2266 993 2330 beneficio
1017 2265 1130 2328 tuleris
1154 2288 1259 2344 ame,

138 2352 223 2435 quod
248 2352 342 2414 minis
364 2353 518 2436 nequisti:
541 2353 679 2414 trecenti
703 2353 940 2416 coniuravimus
956 2353 1120 2437 principes
1144 2353 1260 2415 iuven-

95 2439 212 2500 1ctutis
235 2436 409 2516 Romanae,
438 2448 473 2500 ut
499 2438 531 2499 in
561 2445 594 2500 te
623 2436 685 2499 hac
713 2438 766 2499 via
793 2459 1024 2520 grassaremur.
1053 2458 1126 2499 mea
1154 2439 1262 2520 prima

136 2544 205 2585 sors
221 2522 294 2600 fuit3
327 2524 434 2599 ceteri,
463 2531 638 2608 utcumque
662 2523 815 2587 ceciderit
830 2525 945 2608 primo,
969 2522 1077 2608 quoad
1092 2531 1125 2584 te
1142 2544 1260 2607 oppor-

135 2617 245 2671 tunum
270 2608 398 2671 fortuna
422 2609 558 2684 dederit,
583 2631 639 2671 suo
664 2609 800 2693 quisque
824 2620 971 2693 tempore
995 2609 1161 2671 aderunt.“

96 2710 109 2757 1
235 2693 327 2756 Xlll.
352 2695 494 2756 Mucium
519 2695 694 2771 dimissum,
720 2696 772 2758 cui
819 2704 909 2758 ostea
925 2693 1101 2758 Scaevolae
1124 2714 1144 2755 a
1168 2691 1260 2756 clade

136 2777 269 2841 dextrae
292 2801 405 2842 manus
422 2801 601 2862 cognomen
624 2780 769 2858 inditum,
793 2717 892 2863 ligati
917 2779 1107 2842 aPorsinna
1122 2778 1261 2842 Romam

95 2883 110 2929 2
136 2866 236 2926 secuti
265 2875 352 2928 sunt:
381 2865 463 2927 adeo
487 2874 634 2942 moverat
665 2887 739 2928 eum
763 2874 794 2928 et
822 2867 915 2949 primi
943 2863 1079 2950 periculi
1108 2885 1213 2944 casus,
1241 2885 1261 2926 a

135 2972 198 3033 quo
222 2948 301 3011 nihil
333 2972 367 3013 se
400 2960 529 3034 praeter
559 2972 703 3014 errorem
729 2951 924 3014 insidiatoris
951 2951 1097 3024 texisset,
1127 2959 1160 3013 et
1187 2947 1261 3012 sub·

136 3036 241 3098 ennda
264 3037 426 3098 dimicatio
450 3038 577 3113 totiens,
602 3046 680 3119 quot
703 3039 860 3100 coniurati
876 3045 1093 3120 superessent,
1108 3044 1155 3097 -ut
1171 3036 1260 3119 pacis

136 3121 341 3184 condiciones
364 3120 448 3184 ultro
471 3121 571 3185 ferret
594 3122 754 3184 Romanis.
784 3124 937 3185 iactatum
959 3123 991 3183 in
1015 3118 1259 3185 condicionibus

94 3226 109 3274 a
133 3209 329 3291 nequiquam
353 3208 393 3270 de
408 3207 591 3286 Tarquiniis
614 3209 646 3269 in
669 3229 804 3289 regnum
819 3207 1036 3284 restituendis,
1059 3207 1163 3288 magis
1184 3207 1260 3290 quia

134 3292 166 3354 id
190 3315 309 3375 negare
333 3295 403 3376 ipse
431 3296 622 3378 nequiverat
643 3292 835 3378 Tarquiniis,
865 3315 961 3379 quam
990 3293 1077 3377 quod
1104 3307 1259 3372 negatum

93 3400 110 3446 4
134 3379 173 3440 iri
189 3377 250 3441 sibi
273 3378 313 3440 ab
327 3379 479 3442 Romanis
496 3381 669 3462 ignoraret.
695 3379 734 3441 de
750 3401 828 3462 agro
841 3378 1032 3443 Veientibus
1054 3376 1257 3443 restituendo

134 3464 350 3547 impetratum,
375 3487 595 3550 expressaque
617 3467 792 3527 necessitas
816 3464 947 3528 obsides
971 3463 1069 3527 dandi
1093 3461 1256 3540 Romanis,

127 3549 161 3634 111
198 3549 341 3612 Ianiculo
373 3552 572 3635 praesidium
610 3550 725 3612 deduci
758 3549 887 3614 vellent.
924 3549 973 3613 his
1010 3548 1255 3614 condicionibus

134 3636 311 3717 composita
335 3657 416 3719 pace
445 3638 623 3700 exercitum
652 3636 692 3698 ab
717 3635 859 3700 laniculo
889 3636 1024 3700 deduxit
1046 3635 1203 3698 Porsinna
1226 3641 1258 3695 et

93 3744 109 3791 5
133 3741 210 3800 agro
234 3719 379 3784 Romano
405 3724 553 3785 excessit.
579 3732 686 3805 patres
704 3719 739 3784 C.
765 3723 871 3786 Mucio
895 3722 1022 3785 virtutis
1046 3741 1146 3784 causa
1168 3728 1256 3781 trans

133 3804 276 3868 Tiberim
300 3829 412 3889 agrum
437 3809 521 3872 dono
545 3808 675 3887 dedere,
701 3829 782 3890 quac
808 3818 921 3893 postea
944 3818 1017 3870 sunt
1032 3806 1141 3870 Mucia
1164 3812 1258 3889 prata
