2738 4146
442 125 551 173 nisan
566 125 589 174 ·1.
626 125 702 175 car.
720 127 744 176 a.
768 123 801 192 [a
820 125 853 177 c.
872 143 894 176 ο.
913 125 1006 194 1-371
1296 117 1314 174 9

132 294 391 380 magnitudinem
406 293 534 376 roberis
557 293 628 360 fuit.
652 317 724 359 cum
741 296 805 359 iam
821 297 937 360 virium
962 297 1050 360 haud
1074 299 1263 382 paeniteret,
1280 318 1295 366 ⁷

132 380 304 446 consilium
339 380 458 443 deinde
489 380 614 444 viribus
641 393 749 465 parat:
790 392 920 445 centum
959 395 1049 445 creat
1087 396 1263 466 senatores,

132 469 203 532 sive
227 468 303 550 quia
325 466 352 530 is
374 488 530 530 numerus
547 469 625 530 satis
642 477 720 547 erat,
745 469 813 530 sive
831 472 907 552 quia
922 467 983 532 soli
1007 480 1135 532 centum
1159 479 1260 550 erant,

131 554 191 639 qui
207 553 311 616 creari
326 562 438 637 patres
454 562 596 636 possent.
621 564 731 637 patres
747 563 835 618 certe
852 554 893 616 ab
910 554 1045 635 honore,
1069 555 1263 640 patriciique

131 640 308 724 progenies
332 659 445 702 eorum
467 637 633 724 appellati.

237 722 298 786 IX.
333 723 403 787 Iam
435 746 487 787 res
516 724 662 787 Romana
692 724 775 787 adeo
808 734 878 788 erat
910 724 1028 806 valida,
1061 733 1098 788 ut
1130 725 1296 788 cuilibetl

131 810 341 873 finitimarum
358 810 536 873 civitatium
552 808 637 873 bello
654 832 714 894 par
729 819 830 890 esset3
853 810 911 874 sed
933 811 1070 896 penuria
1092 810 1261 874 mulierum

131 896 274 961 hominis
297 905 440 958 aetatem
470 895 626 959 duratura
657 896 845 978 magnitudo
878 907 957 976 erat,
991 898 1112 981 quippe
1144 898 1262 980 quibus

130 1004 196 1046 nec
220 982 307 1046 domi
330 1003 405 1066 spes
428 980 528 1065 prolis
550 1003 611 1044 nec
627 1003 700 1044 cum
723 980 865 1045 finitimis
890 981 1027 1045 conubia
1051 995 1168 1046 essent.
1191 993 1296 1046 tuma

132 1091 178 1133 ex
206 1066 340 1130 consilio
371 1076 499 1152 patrum
530 1067 687 1130 Romulus
718 1066 843 1150 legatos
876 1069 962 1131 circa
992 1069 1115 1131 vicinas
1146 1080 1260 1150 gentes

132 1153 231 1232 misit,
258 1155 312 1238 qui
337 1155 527 1216 societatem
551 1153 792 1236 conubiumque
822 1175 907 1217 novo
941 1153 1062 1237 populo
1095 1163 1294 1238 peterent:3

132 1239 234 1303 urbes
257 1260 397 1324 quoque,
423 1248 461 1302 ut
483 1248 601 1316 cetera,
635 1261 677 1302 ex
698 1238 807 1301 infimo
831 1240 936 1320 nasci,
969 1240 1052 1319 dein,
1087 1262 1166 1325 quas
1201 1263 1261 1303 sua

132 1327 237 1389 virtus
260 1346 298 1387 ac
321 1325 365 1387 dii
387 1325 509 1404 iuvent,
533 1346 667 1403 magnas
692 1347 771 1409 opes
805 1324 866 1388 sibi
899 1347 1117 1411 magnumque
1140 1348 1259 1389 nomen

132 1411 258 1490 facere3
282 1411 359 1474 satis
384 1411 467 1474 scire
490 1412 606 1493 origini
628 1410 793 1474 Romanae
817 1420 849 1473 et
873 1411 951 1474 deos
975 1412 1116 1475 adfuisse
1140 1423 1172 1475 et
1193 1428 1294 1477 non4

135 1496 320 1560 defuturam
342 1497 511 1577 virtutem;
544 1495 681 1580 proinde
713 1519 754 1560 ne
777 1507 992 1579 gravarentur
1014 1497 1161 1561 homines
1185 1520 1278 1563 cum,
1354 1537 1358 1549 ·

133 1581 321 1645 hominibus
345 1583 534 1665 sanguinem
558 1603 597 1644 ac
627 1604 730 1664 genus
758 1585 903 1646 miscere.
938 1605 1096 1668 nusquam
1122 1583 1293 1667 benigne5

133 1665 255 1751 legatio
278 1667 390 1731 audita
413 1676 476 1749 est;
500 1668 581 1730 adeo
607 1666 701 1731 simul
725 1667 932 1752 spernebant,
965 1668 1060 1732 simul
1083 1679 1203 1732 tantam
1228 1671 1260 1733 in

133 1753 244 1817 medio
269 1760 471 1816 crescentem
494 1752 612 1816 molem
647 1753 707 1816 sibi
732 1775 770 1817 ac
797 1756 934 1839 posteris
965 1756 1030 1818 suis
1061 1755 1259 1819 metuebant.

136 1861 157 1902 a
190 1837 356 1924 plerisque
387 1838 602 1922 rogitantibus
637 1839 771 1917 dimissi,
812 1840 938 1925 ecquod
969 1840 1096 1904 feminis
1128 1863 1259 1925 quoque

139 1924 267 2008 asylum
290 1926 509 2010 aperuissent3
532 1925 563 1986 id
589 1927 671 1988 enim
690 1924 819 1988 demum
836 1948 971 2011 compar
986 1926 1160 1989 conubium
1179 1927 1258 1992 fore.

137 2032 237 2093 aegre
267 2010 301 2072 id
328 2010 475 2074 Romana
496 2008 602 2094 pubes
638 2032 746 2096 passa,
786 2022 817 2074 et
853 2011 940 2074 haud
978 2011 1076 2075 dubie
1115 2013 1155 2076 ad
1193 2015 1293 2075 vimt

132 2103 286 2182 spectare
311 2118 364 2159 res
388 2098 506 2181 coepit.
536 2098 587 2159 cui
610 2106 737 2180 tempus
760 2095 934 2182 locumque
957 2109 1068 2182 aptum
1100 2109 1135 2160 ut
1167 2098 1260 2163 daret

134 2180 304 2263 Romulus,
327 2182 564 2265 aegritudinem
587 2184 684 2245 animi
701 2181 906 2246 dissimulans
923 2182 1018 2246 ludos
1042 2205 1082 2245 ex
1099 2183 1259 2247 industria

131 2276 230 2352 parat
259 2266 411 2352 Neptuno
445 2269 589 2350 equestri
613 2266 801 2350 sollemnes3
834 2267 1008 2333 Consualia
1030 2280 1135 2334 vocat.
1159 2271 1292 2335 indicit

133 2353 255 2416 deinde
277 2352 421 2417 finitimis
437 2352 658 2437 spectaculum
681 2353 781 2435 iubet,
806 2365 992 2440 quantoque
1008 2366 1167 2440 apparatu
1188 2366 1258 2419 tum

134 2437 282 2503 sciebant
305 2448 360 2501 aut
374 2436 535 2523 poterant,
560 2438 799 2520 concelebrant,
823 2450 859 2503 ut
880 2463 948 2503 rem
970 2439 1090 2503 claram
1107 2452 1259 2525 expecta-

132 2533 270 2610 tamque
301 2524 455 2590 facerent.
487 2523 579 2588 multi
613 2524 765 2588 mortales
798 2546 988 2605 convenere,
1021 2527 1126 2589 studio
1159 2530 1292 2590 etiam8

133 2610 296 2674 videndae
311 2609 530 2688 novaeurbis,
555 2611 695 2674 maxime
710 2610 852 2695 proximi
873 2613 1003 2696 quique,
1029 2611 1257 2696 Caeninenses,

133 2694 346 2769 Crustumini,
369 2695 595 2778 Antemnates3
621 2699 717 2760 etiam
741 2695 935 2760 Sabinorum
960 2700 1062 2761 omnis
1083 2698 1283 2763 multitudoa

132 2803 209 2845 cum
235 2781 346 2845 liberis
378 2803 415 2844 ac
448 2781 638 2865 coniugibus
670 2785 768 2845 venit.
802 2784 927 2846 invitati
962 2783 1166 2869 hospitaliter
1198 2808 1259 2870 per

133 2865 250 2930 domos
283 2889 357 2931 cum
381 2869 475 2930 situm
499 2867 693 2952 moeniaque
726 2877 759 2931 et
788 2867 991 2952 frequentem
1025 2873 1119 2933 tectis
1141 2870 1254 2935 urbem

133 2953 303 3030 vidissent,
327 2954 486 3016 mirantur
507 2963 573 3016 tam
596 2952 688 3018 brevi
718 2975 788 3018 rem
811 2954 989 3017 Romanam
1014 2959 1163 3019 crevisse.
1199 2956 1256 3020 ubi
1276 2973 1309 3020 10

133 3036 314 3123 spectaculi
343 3048 471 3124 tempus
498 3041 594 3120 venit,
628 3039 823 3125 deditaeque
846 3062 884 3102 eo
907 3050 1032 3104 mentes
1056 3064 1129 3104 cum
1154 3042 1256 3106 oculis

129 3134 237 3200 erant,
247 3135 315 3187 tum
326 3127 554 3209 excompcsito
562 3135 633 3188 orta
639 3127 696 3204 vis,
708 3127 947 3210 signoquedato
955 3127 1257 3192 iuventusRomana

135 3209 179 3272 ad
201 3211 374 3295 rapiendas
395 3212 537 3293 virgines
561 3212 721 3274 discurrit.
749 3233 867 3291 magna
888 3235 964 3296 pars
986 3213 1079 3291 forte,
1104 3216 1134 3275 in
1159 3236 1255 3296 quem
1275 3232 1306 3279 11

131 3317 286 3381 quaeque
301 3296 467 3378 inciderat,
484 3307 611 3382 raptae3
635 3297 791 3383 quasdam
806 3298 910 3360 forma
926 3297 1121 3362 excellentes
1137 3301 1255 3384 primo-

128 3380 222 3445 ribus
243 3393 375 3467 patrum
402 3381 578 3446 destinatas
611 3405 652 3446 ex
683 3382 780 3467 plebe
803 3383 959 3454 homines,
994 3384 1111 3470 quibus
1145 3386 1256 3449 datum

127 3467 300 3551 negotium
324 3477 403 3549 erat,
437 3469 551 3531 domos
579 3468 784 3550 deferebant3
817 3491 912 3530 unam
944 3468 1038 3552 longe
1070 3481 1144 3534 ante
1176 3470 1256 3534 alias
1267 3468 1308 3525 '12

128 3554 243 3639 specie
265 3575 304 3616 ac
326 3551 567 3638 pulchritudine
591 3557 748 3636 insignem
771 3576 791 3616 a
813 3553 912 3637 globo
928 3554 1064 3620 Talassii
1087 3557 1256 3620 cuiusdam

127 3647 259 3724 raptam
278 3639 395 3721 ferunt,
419 3639 594 3726 multisque
610 3641 856 3721 sciscitantibus,
881 3643 1008 3704 cuinam
1031 3664 1101 3706 eam
1124 3643 1255 3726 ferrent,

129 3724 322 3807 identidem,
345 3728 481 3809 nequis
504 3726 649 3803 violaret,
674 3725 820 3790 Talassio
843 3726 924 3791 ferri
944 3727 1167 3791 clamitatum.
1183 3730 1272 3786 &she

123 3809 309 3884 nuptialem
331 3809 415 3876 hanc
439 3833 553 3879 vocem
577 3812 710 3881 factam.
738 3813 878 3881 turbato
908 3836 972 3900 per
994 3823 1132 3876 metum
1151 3807 1298 3867 mess
1307 3806 1352 3848 Ἣ»
