<?xml version="1.0" encoding="UTF-8"?>
<!DOCTYPE html PUBLIC "-//W3C//DTD XHTML 1.0 Transitional//EN"
    "http://www.w3.org/TR/xhtml1/DTD/xhtml1-transitional.dtd">
<html xmlns="http://www.w3.org/1999/xhtml" xml:lang="en" lang="en">
 <head>
  <title>
</title>
<meta http-equiv="Content-Type" content="text/html;charset=utf-8" />
  <meta name='ocr-system' content='tesseract 3.04.00' />
  <meta name='ocr-capabilities' content='ocr_page ocr_carea ocr_par ocr_line ocrx_word'/>
</head>
<body>
  <div class='ocr_page' id='page_1' title='image "./aburbeconditali02livygoog_0260.png"; bbox 0 0 2738 4146; ppageno 0'>
   <div class='ocr_carea' id='block_1_1' title="bbox 367 134 1257 214">
    <p class='ocr_par' dir='ltr' id='par_1_1' title="bbox 367 134 1257 214">
     <span class='ocr_line' id='line_1_1' title="bbox 367 134 1257 214; baseline -0.003 -20"><span class='ocrx_word' id='word_1_1' title='bbox 367 144 474 195; x_wconf 82' lang='lat' dir='ltr'>mann</span> <span class='ocrx_word' id='word_1_2' title='bbox 490 145 539 194; x_wconf 78' lang='lat'>111.</span> <span class='ocrx_word' id='word_1_3' title='bbox 559 144 633 195; x_wconf 79' lang='lat' dir='ltr'>cnr.</span> <span class='ocrx_word' id='word_1_4' title='bbox 651 147 692 196; x_wconf 81' lang='lat' dir='ltr'>so.</span> <span class='ocrx_word' id='word_1_5' title='bbox 712 147 753 195; x_wconf 75' lang='lat' dir='ltr'>ss.</span> <span class='ocrx_word' id='word_1_6' title='bbox 773 143 806 212; x_wconf 72' lang='lat' dir='ltr'>[a.</span> <span class='ocrx_word' id='word_1_7' title='bbox 824 145 857 196; x_wconf 86' lang='lat' dir='ltr'>u.</span> <span class='ocrx_word' id='word_1_8' title='bbox 877 161 899 196; x_wconf 68' lang='grc' dir='ltr'>ο.</span> <span class='ocrx_word' id='word_1_9' title='bbox 918 144 987 214; x_wconf 74' lang='lat' dir='ltr'>cosp</span> <span class='ocrx_word' id='word_1_10' title='bbox 1196 134 1257 192; x_wconf 75' lang='lat'>227</span> 
     </span>
    </p>
   </div>
   <div class='ocr_carea' id='block_1_2' title="bbox 70 313 1292 3966">
    <p class='ocr_par' dir='ltr' id='par_1_2' title="bbox 71 313 1260 2280">
     <span class='ocr_line' id='line_1_2' title="bbox 82 313 1208 400; baseline 0 -21"><span class='ocrx_word' id='word_1_11' title='bbox 82 322 242 399; x_wconf 75' lang='lat' dir='ltr'><strong>ageretur,</strong></span> <span class='ocrx_word' id='word_1_12' title='bbox 265 314 496 400; x_wconf 82' lang='lat' dir='ltr'>quaerentibus</span> <span class='ocrx_word' id='word_1_13' title='bbox 518 313 644 399; x_wconf 79' lang='lat' dir='ltr'>legatis,</span> <span class='ocrx_word' id='word_1_14' title='bbox 666 337 749 400; x_wconf 91' lang='lat' dir='ltr'>quae</span> <span class='ocrx_word' id='word_1_15' title='bbox 772 316 936 400; x_wconf 87' lang='lat' dir='ltr'>postulata</span> <span class='ocrx_word' id='word_1_16' title='bbox 981 315 1064 381; x_wconf 91' lang='lat' dir='ltr'>lebis</span> <span class='ocrx_word' id='word_1_17' title='bbox 1088 325 1208 400; x_wconf 85' lang='lat' dir='ltr'>essent,</span> 
     </span>
     <span class='ocr_line' id='line_1_3' title="bbox 83 339 1208 487; baseline 0.002 -23"><span class='ocrx_word' id='word_1_18' title='bbox 83 401 263 484; x_wconf 91' lang='lat' dir='ltr'>composito</span> <span class='ocrx_word' id='word_1_19' title='bbox 284 402 350 464; x_wconf 90' lang='lat' dir='ltr'>iam</span> <span class='ocrx_word' id='word_1_20' title='bbox 372 409 447 464; x_wconf 88' lang='lat' dir='ltr'>ante</span> <span class='ocrx_word' id='word_1_21' title='bbox 470 401 646 465; x_wconf 88' lang='lat' dir='ltr'>adventum</span> <span class='ocrx_word' id='word_1_22' title='bbox 668 400 850 484; x_wconf 85' lang='lat' dir='ltr'>legatorum</span> <span class='ocrx_word' id='word_1_23' title='bbox 873 339 1007 466; x_wconf 78' lang='lat' dir='ltr'>consilio</span> <span class='ocrx_word' id='word_1_24' title='bbox 1031 425 1070 466; x_wconf 87' lang='lat' dir='ltr'>ea</span> <span class='ocrx_word' id='word_1_25' title='bbox 1095 413 1208 487; x_wconf 87' lang='lat' dir='ltr'>postu-</span> 
     </span>
     <span class='ocr_line' id='line_1_4' title="bbox 81 484 1206 573; baseline 0.003 -24"><span class='ocrx_word' id='word_1_26' title='bbox 81 484 169 567; x_wconf 86' lang='lat' dir='ltr'>lavit,</span> <span class='ocrx_word' id='word_1_27' title='bbox 192 494 230 549; x_wconf 90' lang='lat' dir='ltr'>ut</span> <span class='ocrx_word' id='word_1_28' title='bbox 252 496 426 570; x_wconf 83' lang='lat' dir='ltr'>appareret</span> <span class='ocrx_word' id='word_1_29' title='bbox 446 487 479 548; x_wconf 91' lang='lat' dir='ltr'>in</span> <span class='ocrx_word' id='word_1_30' title='bbox 501 487 664 573; x_wconf 85' lang='lat' dir='ltr'>aequitate</span> <span class='ocrx_word' id='word_1_31' title='bbox 693 509 802 550; x_wconf 89' lang='lat' dir='ltr'>rerum</span> <span class='ocrx_word' id='word_1_32' title='bbox 833 486 908 573; x_wconf 89' lang='lat' dir='ltr'>plus</span> <span class='ocrx_word' id='word_1_33' title='bbox 932 509 1028 573; x_wconf 89' lang='lat' dir='ltr'>quam</span> <span class='ocrx_word' id='word_1_34' title='bbox 1052 489 1084 550; x_wconf 95' lang='lat' dir='ltr'>in</span> <span class='ocrx_word' id='word_1_35' title='bbox 1108 489 1206 552; x_wconf 88' lang='lat' dir='ltr'>armis</span> 
     </span>
     <span class='ocr_line' id='line_1_5' title="bbox 81 571 1242 657; baseline 0.003 -23"><span class='ocrx_word' id='word_1_36' title='bbox 81 572 195 656; x_wconf 87' lang='lat' dir='ltr'>reponi</span> <span class='ocrx_word' id='word_1_37' title='bbox 218 572 298 655; x_wconf 91' lang='lat' dir='ltr'>spei.</span> <span class='ocrx_word' id='word_1_38' title='bbox 321 580 518 655; x_wconf 90' lang='lat' dir='ltr'>potestatem</span> <span class='ocrx_word' id='word_1_39' title='bbox 540 573 626 636; x_wconf 88' lang='lat' dir='ltr'>enim</span> <span class='ocrx_word' id='word_1_40' title='bbox 648 571 853 636; x_wconf 76' lang='lat' dir='ltr'>tribuniciam</span> <span class='ocrx_word' id='word_1_41' title='bbox 872 575 1139 657; x_wconf 89' lang='lat' dir='ltr'>provocationem</span> <span class='ocrx_word' id='word_1_42' title='bbox 1166 579 1242 638; x_wconf 70' lang='lat' dir='ltr'>uel</span> 
     </span>
     <span class='ocr_line' id='line_1_6' title="bbox 81 596 1207 743; baseline 0.001 -21"><span class='ocrx_word' id='word_1_43' title='bbox 81 656 284 743; x_wconf 82' lang='lat' dir='ltr'>repetebant,</span> <span class='ocrx_word' id='word_1_44' title='bbox 323 678 406 742; x_wconf 88' lang='lat' dir='ltr'>quae</span> <span class='ocrx_word' id='word_1_45' title='bbox 435 667 510 721; x_wconf 89' lang='lat' dir='ltr'>ante</span> <span class='ocrx_word' id='word_1_46' title='bbox 544 657 745 721; x_wconf 86' lang='lat' dir='ltr'>decemviros</span> <span class='ocrx_word' id='word_1_47' title='bbox 783 666 910 721; x_wconf 89' lang='lat' dir='ltr'>creatos</span> <span class='ocrx_word' id='word_1_48' title='bbox 948 659 1069 723; x_wconf 87' lang='lat' dir='ltr'>auxilia</span> <span class='ocrx_word' id='word_1_49' title='bbox 1100 596 1207 743; x_wconf 68' lang='lat' dir='ltr'>pldbis</span> 
     </span>
     <span class='ocr_line' id='line_1_7' title="bbox 82 741 1207 829; baseline 0.001 -22"><span class='ocrx_word' id='word_1_50' title='bbox 82 743 220 826; x_wconf 86' lang='lat' dir='ltr'>fuerant,</span> <span class='ocrx_word' id='word_1_51' title='bbox 252 750 284 805; x_wconf 92' lang='lat' dir='ltr'>et</span> <span class='ocrx_word' id='word_1_52' title='bbox 305 763 346 806; x_wconf 91' lang='lat' dir='ltr'>ne</span> <span class='ocrx_word' id='word_1_53' title='bbox 369 741 422 806; x_wconf 93' lang='lat' dir='ltr'>cui</span> <span class='ocrx_word' id='word_1_54' title='bbox 443 742 549 805; x_wconf 89' lang='lat' dir='ltr'>fraudi</span> <span class='ocrx_word' id='word_1_55' title='bbox 572 751 657 806; x_wconf 88' lang='lat' dir='ltr'>esset</span> <span class='ocrx_word' id='word_1_56' title='bbox 689 744 833 807; x_wconf 89' lang='lat' dir='ltr'>concisse</span> <span class='ocrx_word' id='word_1_57' title='bbox 856 743 974 808; x_wconf 85' lang='lat' dir='ltr'>milites</span> <span class='ocrx_word' id='word_1_58' title='bbox 998 753 1053 807; x_wconf 89' lang='lat' dir='ltr'>aut</span> <span class='ocrx_word' id='word_1_59' title='bbox 1076 743 1207 829; x_wconf 91' lang='lat' dir='ltr'>plebem</span> 
     </span>
     <span class='ocr_line' id='line_1_8' title="bbox 82 826 1244 913; baseline 0.002 -22"><span class='ocrx_word' id='word_1_60' title='bbox 82 829 122 891; x_wconf 91' lang='lat' dir='ltr'>ad</span> <span class='ocrx_word' id='word_1_61' title='bbox 143 826 357 913; x_wconf 89' lang='lat' dir='ltr'>repetendam</span> <span class='ocrx_word' id='word_1_62' title='bbox 373 849 433 912; x_wconf 91' lang='lat' dir='ltr'>per</span> <span class='ocrx_word' id='word_1_63' title='bbox 447 829 665 891; x_wconf 87' lang='lat' dir='ltr'>secessionem</span> <span class='ocrx_word' id='word_1_64' title='bbox 679 827 873 892; x_wconf 87' lang='lat' dir='ltr'>libertatem.</span> <span class='ocrx_word' id='word_1_65' title='bbox 890 829 931 891; x_wconf 88' lang='lat' dir='ltr'>de</span> <span class='ocrx_word' id='word_1_66' title='bbox 948 829 1207 894; x_wconf 88' lang='lat' dir='ltr'>decemvirorum</span> <span class='ocrx_word' id='word_1_67' title='bbox 1227 840 1244 886; x_wconf 74' lang='lat' dir='ltr'>o</span> 
     </span>
     <span class='ocr_line' id='line_1_9' title="bbox 83 912 1207 1063; baseline 0.003 -87"><span class='ocrx_word' id='word_1_68' title='bbox 83 913 179 978; x_wconf 89' lang='lat' dir='ltr'>modo</span> <span class='ocrx_word' id='word_1_69' title='bbox 212 912 372 998; x_wconf 92' lang='lat' dir='ltr'>supplicio</span> <span class='ocrx_word' id='word_1_70' title='bbox 404 923 498 976; x_wconf 87' lang='lat' dir='ltr'>atrox</span> <span class='ocrx_word' id='word_1_71' title='bbox 528 913 727 997; x_wconf 90' lang='lat' dir='ltr'>postulatum</span> <span class='ocrx_word' id='word_1_72' title='bbox 765 914 838 978; x_wconf 87' lang='lat' dir='ltr'>fuit:</span> <span class='ocrx_word' id='word_1_73' title='bbox 877 914 954 976; x_wconf 90' lang='lat' dir='ltr'>dedi</span> <span class='ocrx_word' id='word_1_74' title='bbox 991 915 1113 1063; x_wconf 65' lang='lat' dir='ltr'>quippe</span> <span class='ocrx_word' id='word_1_75' title='bbox 1150 936 1207 979; x_wconf 88' lang='lat' dir='ltr'>eos</span> 
     </span>
     <span class='ocr_line' id='line_1_10' title="bbox 83 997 1207 1084; baseline 0.002 -23"><span class='ocrx_word' id='word_1_76' title='bbox 83 1021 226 1084; x_wconf 90' lang='lat' dir='ltr'>aequum</span> <span class='ocrx_word' id='word_1_77' title='bbox 249 997 426 1062; x_wconf 81' lang='lat' dir='ltr'>censebant</span> <span class='ocrx_word' id='word_1_78' title='bbox 447 1000 604 1082; x_wconf 92' lang='lat' dir='ltr'>vivosque</span> <span class='ocrx_word' id='word_1_79' title='bbox 627 1000 693 1084; x_wconf 87' lang='lat' dir='ltr'>igni</span> <span class='ocrx_word' id='word_1_80' title='bbox 715 1008 976 1064; x_wconf 81' lang='lat' dir='ltr'>concrematuros</span> <span class='ocrx_word' id='word_1_81' title='bbox 991 1001 1079 1063; x_wconf 88' lang='lat' dir='ltr'>mina</span> <span class='ocrx_word' id='word_1_82' title='bbox 1102 1009 1207 1063; x_wconf 91' lang='lat' dir='ltr'>antur.</span> 
     </span>
     <span class='ocr_line' id='line_1_11' title="bbox 82 1081 1244 1171; baseline -0.001 -26"><span class='ocrx_word' id='word_1_83' title='bbox 82 1083 179 1168; x_wconf 83' lang='lat' dir='ltr'>legati</span> <span class='ocrx_word' id='word_1_84' title='bbox 203 1084 246 1147; x_wconf 91' lang='lat' dir='ltr'>ad</span> <span class='ocrx_word' id='word_1_85' title='bbox 270 1105 322 1147; x_wconf 89' lang='lat' dir='ltr'>ea:</span> <span class='ocrx_word' id='word_1_86' title='bbox 348 1133 362 1164; x_wconf 86' lang='lat'>„</span> <span class='ocrx_word' id='word_1_87' title='bbox 390 1105 451 1148; x_wconf 88' lang='lat' dir='ltr'>uae</span> <span class='ocrx_word' id='word_1_88' title='bbox 474 1081 599 1147; x_wconf 89' lang='lat' dir='ltr'>consilii</span> <span class='ocrx_word' id='word_1_89' title='bbox 620 1084 761 1164; x_wconf 85' lang='lat' dir='ltr'>fuerunt,</span> <span class='ocrx_word' id='word_1_90' title='bbox 785 1085 866 1148; x_wconf 89' lang='lat' dir='ltr'>adeo</span> <span class='ocrx_word' id='word_1_91' title='bbox 889 1106 993 1170; x_wconf 89' lang='lat' dir='ltr'>aequa</span> <span class='ocrx_word' id='word_1_92' title='bbox 1009 1083 1207 1171; x_wconf 82' lang='lat' dir='ltr'>postulastis,</span> <span class='ocrx_word' id='word_1_93' title='bbox 1227 1097 1244 1144; x_wconf 83' lang='grc'><strong>6</strong></span> 
     </span>
     <span class='ocr_line' id='line_1_12' title="bbox 84 1105 1208 1257; baseline 0.002 -25"><span class='ocrx_word' id='word_1_94' title='bbox 84 1183 116 1232; x_wconf 90' lang='lat' dir='ltr'>ut</span> <span class='ocrx_word' id='word_1_95' title='bbox 138 1168 226 1233; x_wconf 91' lang='lat' dir='ltr'>ultro</span> <span class='ocrx_word' id='word_1_96' title='bbox 250 1168 344 1232; x_wconf 86' lang='lat' dir='ltr'>vobis</span> <span class='ocrx_word' id='word_1_97' title='bbox 367 1105 544 1233; x_wconf 77' lang='lat' dir='ltr'>deferenda</span> <span class='ocrx_word' id='word_1_98' title='bbox 564 1167 699 1250; x_wconf 84' lang='lat' dir='ltr'>fuerint3</span> <span class='ocrx_word' id='word_1_99' title='bbox 721 1168 866 1234; x_wconf 88' lang='lat' dir='ltr'>libertati</span> <span class='ocrx_word' id='word_1_100' title='bbox 890 1172 975 1235; x_wconf 93' lang='lat' dir='ltr'>enim</span> <span class='ocrx_word' id='word_1_101' title='bbox 992 1193 1031 1234; x_wconf 89' lang='lat' dir='ltr'>ea</span> <span class='ocrx_word' id='word_1_102' title='bbox 1045 1171 1208 1257; x_wconf 87' lang='lat' dir='ltr'>praesidia</span> 
     </span>
     <span class='ocr_line' id='line_1_13' title="bbox 84 1252 1240 1339; baseline -0.003 -20"><span class='ocrx_word' id='word_1_103' title='bbox 84 1256 203 1338; x_wconf 88' lang='lat' dir='ltr'>petitis,</span> <span class='ocrx_word' id='word_1_104' title='bbox 235 1275 300 1317; x_wconf 94' lang='lat' dir='ltr'>non</span> <span class='ocrx_word' id='word_1_105' title='bbox 333 1252 482 1319; x_wconf 87' lang='lat' dir='ltr'>licentiae</span> <span class='ocrx_word' id='word_1_106' title='bbox 513 1255 554 1318; x_wconf 88' lang='lat' dir='ltr'>ad</span> <span class='ocrx_word' id='word_1_107' title='bbox 588 1256 813 1339; x_wconf 81' lang='lat' dir='ltr'>inpugnandos</span> <span class='ocrx_word' id='word_1_108' title='bbox 845 1255 935 1322; x_wconf 85' lang='lat' dir='ltr'>alios.</span> <span class='ocrx_word' id='word_1_109' title='bbox 979 1256 1047 1319; x_wconf 89' lang='lat' dir='ltr'>irae</span> <span class='ocrx_word' id='word_1_110' title='bbox 1077 1266 1240 1321; x_wconf 64' lang='lat' dir='ltr'>vestrae?</span> 
     </span>
     <span class='ocr_line' id='line_1_14' title="bbox 84 1339 1208 1428; baseline -0.001 -24"><span class='ocrx_word' id='word_1_111' title='bbox 84 1341 185 1424; x_wconf 86' lang='lat' dir='ltr'>magis</span> <span class='ocrx_word' id='word_1_112' title='bbox 224 1339 456 1423; x_wconf 82' lang='lat' dir='ltr'>ignoscendum</span> <span class='ocrx_word' id='word_1_113' title='bbox 495 1361 592 1425; x_wconf 87' lang='lat' dir='ltr'>quam</span> <span class='ocrx_word' id='word_1_114' title='bbox 627 1340 862 1425; x_wconf 83' lang='lat' dir='ltr'>indulgendum</span> <span class='ocrx_word' id='word_1_115' title='bbox 901 1349 959 1421; x_wconf 87' lang='lat' dir='ltr'>est,</span> <span class='ocrx_word' id='word_1_116' title='bbox 998 1342 1121 1428; x_wconf 89' lang='lat' dir='ltr'>quippe</span> <span class='ocrx_word' id='word_1_117' title='bbox 1152 1343 1208 1428; x_wconf 92' lang='lat' dir='ltr'>qui</span> 
     </span>
     <span class='ocr_line' id='line_1_15' title="bbox 84 1424 1208 1513; baseline 0.002 -25"><span class='ocrx_word' id='word_1_118' title='bbox 84 1424 285 1490; x_wconf 83' lang='lat' dir='ltr'>crudelitatis</span> <span class='ocrx_word' id='word_1_119' title='bbox 309 1425 382 1489; x_wconf 93' lang='lat' dir='ltr'>odio</span> <span class='ocrx_word' id='word_1_120' title='bbox 404 1425 437 1488; x_wconf 91' lang='lat' dir='ltr'>in</span> <span class='ocrx_word' id='word_1_121' title='bbox 460 1425 684 1490; x_wconf 87' lang='lat' dir='ltr'>crudelitatem</span> <span class='ocrx_word' id='word_1_122' title='bbox 705 1428 798 1490; x_wconf 89' lang='lat' dir='ltr'>ruitis</span> <span class='ocrx_word' id='word_1_123' title='bbox 821 1434 854 1490; x_wconf 82' lang='lat' dir='ltr'>et</span> <span class='ocrx_word' id='word_1_124' title='bbox 873 1428 963 1511; x_wconf 92' lang='lat' dir='ltr'>prius</span> <span class='ocrx_word' id='word_1_125' title='bbox 979 1449 1093 1512; x_wconf 88' lang='lat' dir='ltr'>paene,</span> <span class='ocrx_word' id='word_1_126' title='bbox 1110 1449 1208 1513; x_wconf 89' lang='lat' dir='ltr'>quam</span> 
     </span>
     <span class='ocr_line' id='line_1_16' title="bbox 84 1510 1242 1598; baseline 0.001 -26"><span class='ocrx_word' id='word_1_127' title='bbox 84 1511 143 1598; x_wconf 88' lang='lat' dir='ltr'>ipsi</span> <span class='ocrx_word' id='word_1_128' title='bbox 166 1510 264 1575; x_wconf 90' lang='lat' dir='ltr'>liberi</span> <span class='ocrx_word' id='word_1_129' title='bbox 286 1512 365 1593; x_wconf 90' lang='lat' dir='ltr'>sitis,</span> <span class='ocrx_word' id='word_1_130' title='bbox 389 1510 546 1575; x_wconf 87' lang='lat' dir='ltr'>dominari</span> <span class='ocrx_word' id='word_1_131' title='bbox 578 1512 642 1575; x_wconf 92' lang='lat' dir='ltr'>iam</span> <span class='ocrx_word' id='word_1_132' title='bbox 668 1512 701 1574; x_wconf 92' lang='lat' dir='ltr'>in</span> <span class='ocrx_word' id='word_1_133' title='bbox 734 1512 939 1575; x_wconf 88' lang='lat' dir='ltr'>adversarios</span> <span class='ocrx_word' id='word_1_134' title='bbox 970 1511 1077 1576; x_wconf 89' lang='lat' dir='ltr'>vultis.</span> <span class='ocrx_word' id='word_1_135' title='bbox 1114 1525 1242 1576; x_wconf 86' lang='lat' dir='ltr'>num-8</span> 
     </span>
     <span class='ocr_line' id='line_1_17' title="bbox 84 1597 1208 1684; baseline 0.001 -23"><span class='ocrx_word' id='word_1_136' title='bbox 84 1619 224 1684; x_wconf 89' lang='lat' dir='ltr'>quamne</span> <span class='ocrx_word' id='word_1_137' title='bbox 256 1597 402 1681; x_wconf 89' lang='lat' dir='ltr'>quiescet</span> <span class='ocrx_word' id='word_1_138' title='bbox 434 1597 547 1661; x_wconf 85' lang='lat' dir='ltr'>civitas</span> <span class='ocrx_word' id='word_1_139' title='bbox 579 1607 689 1660; x_wconf 86' lang='lat' dir='ltr'>nostra</span> <span class='ocrx_word' id='word_1_140' title='bbox 715 1618 735 1661; x_wconf 86' lang='lat' dir='ltr'>a</span> <span class='ocrx_word' id='word_1_141' title='bbox 757 1597 923 1682; x_wconf 88' lang='lat' dir='ltr'>suppliciis</span> <span class='ocrx_word' id='word_1_142' title='bbox 946 1608 1002 1661; x_wconf 88' lang='lat' dir='ltr'>aut</span> <span class='ocrx_word' id='word_1_143' title='bbox 1024 1608 1153 1682; x_wconf 86' lang='lat' dir='ltr'>patrum</span> <span class='ocrx_word' id='word_1_144' title='bbox 1175 1600 1208 1661; x_wconf 93' lang='lat' dir='ltr'>in</span> 
     </span>
     <span class='ocr_line' id='line_1_18' title="bbox 82 1681 1241 1768; baseline -0.003 -21"><span class='ocrx_word' id='word_1_145' title='bbox 82 1683 216 1766; x_wconf 87' lang='lat' dir='ltr'>plebem</span> <span class='ocrx_word' id='word_1_146' title='bbox 237 1681 416 1746; x_wconf 87' lang='lat' dir='ltr'>Romanam</span> <span class='ocrx_word' id='word_1_147' title='bbox 439 1692 495 1745; x_wconf 91' lang='lat' dir='ltr'>aut</span> <span class='ocrx_word' id='word_1_148' title='bbox 516 1681 622 1768; x_wconf 91' lang='lat' dir='ltr'>plebis</span> <span class='ocrx_word' id='word_1_149' title='bbox 644 1684 676 1745; x_wconf 92' lang='lat' dir='ltr'>in</span> <span class='ocrx_word' id='word_1_150' title='bbox 702 1681 833 1767; x_wconf 80' lang='lat' dir='ltr'>patres?</span> <span class='ocrx_word' id='word_1_151' title='bbox 870 1692 961 1746; x_wconf 88' lang='lat' dir='ltr'>scuto</span> <span class='ocrx_word' id='word_1_152' title='bbox 988 1684 1082 1747; x_wconf 91' lang='lat' dir='ltr'>vobis</span> <span class='ocrx_word' id='word_1_153' title='bbox 1104 1684 1241 1768; x_wconf 76' lang='lat' dir='ltr'>magise</span> 
     </span>
     <span class='ocr_line' id='line_1_19' title="bbox 80 1765 1207 1855; baseline -0.002 -21"><span class='ocrx_word' id='word_1_154' title='bbox 80 1790 179 1855; x_wconf 90' lang='lat' dir='ltr'>quam</span> <span class='ocrx_word' id='word_1_155' title='bbox 204 1765 313 1851; x_wconf 83' lang='lat' dir='ltr'>gladio</span> <span class='ocrx_word' id='word_1_156' title='bbox 337 1789 419 1851; x_wconf 89' lang='lat' dir='ltr'>opus</span> <span class='ocrx_word' id='word_1_157' title='bbox 443 1777 502 1831; x_wconf 87' lang='lat' dir='ltr'>est.</span> <span class='ocrx_word' id='word_1_158' title='bbox 536 1770 612 1831; x_wconf 87' lang='lat' dir='ltr'>satis</span> <span class='ocrx_word' id='word_1_159' title='bbox 636 1789 799 1853; x_wconf 89' lang='lat' dir='ltr'>superque</span> <span class='ocrx_word' id='word_1_160' title='bbox 822 1766 950 1832; x_wconf 92' lang='lat' dir='ltr'>humilis</span> <span class='ocrx_word' id='word_1_161' title='bbox 974 1777 1032 1850; x_wconf 90' lang='lat' dir='ltr'>est,</span> <span class='ocrx_word' id='word_1_162' title='bbox 1060 1769 1115 1853; x_wconf 91' lang='lat' dir='ltr'>qui</span> <span class='ocrx_word' id='word_1_163' title='bbox 1137 1770 1207 1832; x_wconf 92' lang='lat' dir='ltr'>iure</span> 
     </span>
     <span class='ocr_line' id='line_1_20' title="bbox 77 1852 1207 1940; baseline -0.002 -22"><span class='ocrx_word' id='word_1_164' title='bbox 77 1875 187 1940; x_wconf 87' lang='lat' dir='ltr'>aequo</span> <span class='ocrx_word' id='word_1_165' title='bbox 211 1854 244 1915; x_wconf 92' lang='lat' dir='ltr'>in</span> <span class='ocrx_word' id='word_1_166' title='bbox 268 1852 397 1916; x_wconf 89' lang='lat' dir='ltr'>civitate</span> <span class='ocrx_word' id='word_1_167' title='bbox 420 1853 501 1917; x_wconf 79' lang='lat' dir='ltr'>vivit</span> <span class='ocrx_word' id='word_1_168' title='bbox 522 1874 583 1917; x_wconf 89' lang='lat' dir='ltr'>nec</span> <span class='ocrx_word' id='word_1_169' title='bbox 604 1853 769 1917; x_wconf 83' lang='lat' dir='ltr'>inferendo</span> <span class='ocrx_word' id='word_1_170' title='bbox 792 1855 940 1916; x_wconf 89' lang='lat' dir='ltr'>iniuriam</span> <span class='ocrx_word' id='word_1_171' title='bbox 962 1876 1023 1917; x_wconf 88' lang='lat' dir='ltr'>nec</span> <span class='ocrx_word' id='word_1_172' title='bbox 1045 1853 1207 1938; x_wconf 87' lang='lat' dir='ltr'>patiendo.</span> 
     </span>
     <span class='ocr_line' id='line_1_21' title="bbox 75 1938 1260 2024; baseline 0.001 -21"><span class='ocrx_word' id='word_1_173' title='bbox 75 1939 231 2005; x_wconf 79' lang='lat' dir='ltr'>etiamsi</span> <span class='ocrx_word' id='word_1_174' title='bbox 254 1938 384 2022; x_wconf 88' lang='lat' dir='ltr'>quando</span> <span class='ocrx_word' id='word_1_175' title='bbox 406 1938 599 2002; x_wconf 88' lang='lat' dir='ltr'>metuendos</span> <span class='ocrx_word' id='word_1_176' title='bbox 622 1959 680 2003; x_wconf 88' lang='lat' dir='ltr'>vos</span> <span class='ocrx_word' id='word_1_177' title='bbox 703 1939 880 2024; x_wconf 87' lang='lat' dir='ltr'>praebituri</span> <span class='ocrx_word' id='word_1_178' title='bbox 904 1939 989 2015; x_wconf 90' lang='lat' dir='ltr'>estis,</span> <span class='ocrx_word' id='word_1_179' title='bbox 1022 1961 1094 2003; x_wconf 91' lang='lat' dir='ltr'>cum</span> <span class='ocrx_word' id='word_1_180' title='bbox 1124 1939 1260 2005; x_wconf 86' lang='lat' dir='ltr'>reci-10</span> 
     </span>
     <span class='ocr_line' id='line_1_22' title="bbox 71 2022 1207 2112; baseline -0.002 -22"><span class='ocrx_word' id='word_1_181' title='bbox 71 2026 206 2112; x_wconf 89' lang='lat' dir='ltr'>peratis</span> <span class='ocrx_word' id='word_1_182' title='bbox 236 2023 480 2108; x_wconf 87' lang='lat' dir='ltr'>magistratibus</span> <span class='ocrx_word' id='word_1_183' title='bbox 513 2022 705 2110; x_wconf 83' lang='lat' dir='ltr'>legibusque</span> <span class='ocrx_word' id='word_1_184' title='bbox 737 2026 853 2088; x_wconf 90' lang='lat' dir='ltr'>vestris</span> <span class='ocrx_word' id='word_1_185' title='bbox 883 2025 1003 2088; x_wconf 91' lang='lat' dir='ltr'>iudicia</span> <span class='ocrx_word' id='word_1_186' title='bbox 1026 2047 1125 2109; x_wconf 90' lang='lat' dir='ltr'>penes</span> <span class='ocrx_word' id='word_1_187' title='bbox 1147 2047 1207 2089; x_wconf 89' lang='lat' dir='ltr'>vos</span> 
     </span>
     <span class='ocr_line' id='line_1_23' title="bbox 71 2108 1208 2198; baseline -0.002 -22"><span class='ocrx_word' id='word_1_188' title='bbox 71 2119 177 2176; x_wconf 87' lang='lat' dir='ltr'>erunt</span> <span class='ocrx_word' id='word_1_189' title='bbox 202 2108 243 2170; x_wconf 89' lang='lat' dir='ltr'>de</span> <span class='ocrx_word' id='word_1_190' title='bbox 267 2109 372 2191; x_wconf 88' lang='lat' dir='ltr'>capite</span> <span class='ocrx_word' id='word_1_191' title='bbox 394 2119 505 2173; x_wconf 89' lang='lat' dir='ltr'>nostro</span> <span class='ocrx_word' id='word_1_192' title='bbox 527 2110 740 2195; x_wconf 82' lang='lat' dir='ltr'>fortunisque,</span> <span class='ocrx_word' id='word_1_193' title='bbox 771 2120 847 2174; x_wconf 88' lang='lat' dir='ltr'>tunc</span> <span class='ocrx_word' id='word_1_194' title='bbox 873 2119 910 2174; x_wconf 92' lang='lat' dir='ltr'>ut</span> <span class='ocrx_word' id='word_1_195' title='bbox 936 2133 1087 2198; x_wconf 86' lang='lat' dir='ltr'>quaeque</span> <span class='ocrx_word' id='word_1_196' title='bbox 1109 2132 1208 2175; x_wconf 87' lang='lat' dir='ltr'>causa</span> 
     </span>
     <span class='ocr_line' id='line_1_24' title="bbox 71 2193 974 2280; baseline -0.004 -18"><span class='ocrx_word' id='word_1_197' title='bbox 71 2198 144 2262; x_wconf 88' lang='lat' dir='ltr'>erit</span> <span class='ocrx_word' id='word_1_198' title='bbox 168 2195 333 2272; x_wconf 82' lang='lat' dir='ltr'>statuetis3</span> <span class='ocrx_word' id='word_1_199' title='bbox 356 2216 442 2258; x_wconf 92' lang='lat' dir='ltr'>nunc</span> <span class='ocrx_word' id='word_1_200' title='bbox 463 2193 646 2259; x_wconf 87' lang='lat' dir='ltr'>libertatem</span> <span class='ocrx_word' id='word_1_201' title='bbox 668 2197 771 2280; x_wconf 90' lang='lat' dir='ltr'>repeti</span> <span class='ocrx_word' id='word_1_202' title='bbox 795 2196 872 2259; x_wconf 88' lang='lat' dir='ltr'>satis</span> <span class='ocrx_word' id='word_1_203' title='bbox 896 2199 974 2260; x_wconf 74' lang='lat' dir='ltr'>est.“</span> 
     </span>
    </p>

    <p class='ocr_par' dir='ltr' id='par_1_3' title="bbox 70 2279 1292 3391">
     <span class='ocr_line' id='line_1_25' title="bbox 185 2279 1292 2366; baseline 0.001 -25"><span class='ocrx_word' id='word_1_204' title='bbox 185 2279 274 2342; x_wconf 92' lang='lat' dir='ltr'><strong>LIV.</strong></span> <span class='ocrx_word' id='word_1_205' title='bbox 297 2279 459 2343; x_wconf 83' lang='lat' dir='ltr'>Facerent</span> <span class='ocrx_word' id='word_1_206' title='bbox 490 2290 526 2343; x_wconf 87' lang='lat' dir='ltr'>ut</span> <span class='ocrx_word' id='word_1_207' title='bbox 555 2279 677 2345; x_wconf 86' lang='lat' dir='ltr'>vellent</span> <span class='ocrx_word' id='word_1_208' title='bbox 700 2281 961 2366; x_wconf 87' lang='lat' dir='ltr'>permittentibus</span> <span class='ocrx_word' id='word_1_209' title='bbox 985 2281 1106 2345; x_wconf 90' lang='lat' dir='ltr'>cunctis</span> <span class='ocrx_word' id='word_1_210' title='bbox 1129 2303 1208 2346; x_wconf 87' lang='lat' dir='ltr'>mox</span> <span class='ocrx_word' id='word_1_211' title='bbox 1227 2297 1237 2342; x_wconf 85' lang='lat'>1</span> <span class='ocrx_word' id='word_1_212' title='bbox 1291 2309 1292 2312; x_wconf 39' lang='lat'>¹</span> 
     </span>
     <span class='ocr_line' id='line_1_26' title="bbox 71 2363 1241 2450; baseline -0.003 -17"><span class='ocrx_word' id='word_1_213' title='bbox 71 2367 245 2433; x_wconf 87' lang='lat' dir='ltr'>redituros</span> <span class='ocrx_word' id='word_1_214' title='bbox 267 2386 303 2427; x_wconf 91' lang='lat' dir='ltr'>se</span> <span class='ocrx_word' id='word_1_215' title='bbox 325 2363 423 2448; x_wconf 83' lang='lat' dir='ltr'>legati</span> <span class='ocrx_word' id='word_1_216' title='bbox 444 2365 543 2429; x_wconf 88' lang='lat' dir='ltr'>rebus</span> <span class='ocrx_word' id='word_1_217' title='bbox 574 2366 725 2450; x_wconf 89' lang='lat' dir='ltr'>perfectis</span> <span class='ocrx_word' id='word_1_218' title='bbox 753 2366 932 2429; x_wconf 58' lang='lat' dir='ltr'>adfirmant,</span> <span class='ocrx_word' id='word_1_219' title='bbox 970 2366 1109 2450; x_wconf 89' lang='lat' dir='ltr'>profecti</span> <span class='ocrx_word' id='word_1_220' title='bbox 1133 2383 1241 2429; x_wconf 73' lang='lat' dir='ltr'>cuma</span> 
     </span>
     <span class='ocr_line' id='line_1_27' title="bbox 71 2449 1206 2536; baseline -0.003 -19"><span class='ocrx_word' id='word_1_221' title='bbox 71 2450 235 2517; x_wconf 86' lang='lat' dir='ltr'>mandata</span> <span class='ocrx_word' id='word_1_222' title='bbox 250 2449 356 2533; x_wconf 89' lang='lat' dir='ltr'>plebis</span> <span class='ocrx_word' id='word_1_223' title='bbox 371 2451 519 2534; x_wconf 89' lang='lat' dir='ltr'>patribus</span> <span class='ocrx_word' id='word_1_224' title='bbox 536 2453 773 2535; x_wconf 82' lang='lat' dir='ltr'>exposuissent,</span> <span class='ocrx_word' id='word_1_225' title='bbox 790 2450 843 2514; x_wconf 92' lang='lat' dir='ltr'>alii</span> <span class='ocrx_word' id='word_1_226' title='bbox 860 2451 1045 2527; x_wconf 87' lang='lat' dir='ltr'>decemviri,</span> <span class='ocrx_word' id='word_1_227' title='bbox 1061 2450 1206 2536; x_wconf 88' lang='lat' dir='ltr'>quando-</span> 
     </span>
     <span class='ocr_line' id='line_1_28' title="bbox 71 2535 1205 2624; baseline -0.002 -22"><span class='ocrx_word' id='word_1_228' title='bbox 71 2537 216 2624; x_wconf 87' lang='lat' dir='ltr'>quidem</span> <span class='ocrx_word' id='word_1_229' title='bbox 247 2545 379 2620; x_wconf 87' lang='lat' dir='ltr'>praeter</span> <span class='ocrx_word' id='word_1_230' title='bbox 410 2557 501 2620; x_wconf 88' lang='lat' dir='ltr'>spem</span> <span class='ocrx_word' id='word_1_231' title='bbox 532 2537 676 2619; x_wconf 90' lang='lat' dir='ltr'>ipsorum</span> <span class='ocrx_word' id='word_1_232' title='bbox 710 2535 859 2622; x_wconf 87' lang='lat' dir='ltr'>supplicii</span> <span class='ocrx_word' id='word_1_233' title='bbox 891 2537 940 2599; x_wconf 86' lang='lat' dir='ltr'>sui</span> <span class='ocrx_word' id='word_1_234' title='bbox 970 2535 1059 2600; x_wconf 90' lang='lat' dir='ltr'>nulla</span> <span class='ocrx_word' id='word_1_235' title='bbox 1085 2537 1205 2600; x_wconf 91' lang='lat' dir='ltr'>mentio</span> 
     </span>
     <span class='ocr_line' id='line_1_29' title="bbox 71 2620 1242 2707; baseline -0.002 -18"><span class='ocrx_word' id='word_1_236' title='bbox 71 2625 185 2702; x_wconf 87' lang='lat' dir='ltr'>fieret,</span> <span class='ocrx_word' id='word_1_237' title='bbox 209 2620 297 2684; x_wconf 86' lang='lat' dir='ltr'>haud</span> <span class='ocrx_word' id='word_1_238' title='bbox 331 2623 504 2706; x_wconf 85' lang='lat' dir='ltr'>quiequam</span> <span class='ocrx_word' id='word_1_239' title='bbox 533 2621 689 2703; x_wconf 88' lang='lat' dir='ltr'>abnuere;</span> <span class='ocrx_word' id='word_1_240' title='bbox 728 2622 863 2707; x_wconf 87' lang='lat' dir='ltr'>Appius,</span> <span class='ocrx_word' id='word_1_241' title='bbox 897 2622 981 2684; x_wconf 89' lang='lat' dir='ltr'>truci</span> <span class='ocrx_word' id='word_1_242' title='bbox 1012 2622 1141 2705; x_wconf 79' lang='lat' dir='ltr'>ingenio</span> <span class='ocrx_word' id='word_1_243' title='bbox 1174 2630 1242 2688; x_wconf 76' lang='lat' dir='ltr'>eta</span> 
     </span>
     <span class='ocr_line' id='line_1_30' title="bbox 70 2706 1206 2790; baseline -0.002 -16"><span class='ocrx_word' id='word_1_244' title='bbox 70 2707 206 2774; x_wconf 85' lang='lat' dir='ltr'>invidia</span> <span class='ocrx_word' id='word_1_245' title='bbox 228 2707 413 2790; x_wconf 86' lang='lat' dir='ltr'>praecipua,</span> <span class='ocrx_word' id='word_1_246' title='bbox 448 2706 558 2770; x_wconf 90' lang='lat' dir='ltr'>odium</span> <span class='ocrx_word' id='word_1_247' title='bbox 581 2709 613 2770; x_wconf 89' lang='lat' dir='ltr'>in</span> <span class='ocrx_word' id='word_1_248' title='bbox 636 2730 671 2771; x_wconf 90' lang='lat' dir='ltr'>se</span> <span class='ocrx_word' id='word_1_249' title='bbox 693 2706 830 2772; x_wconf 92' lang='lat' dir='ltr'>aliorum</span> <span class='ocrx_word' id='word_1_250' title='bbox 854 2728 912 2770; x_wconf 91' lang='lat' dir='ltr'>suo</span> <span class='ocrx_word' id='word_1_251' title='bbox 935 2708 967 2769; x_wconf 96' lang='lat' dir='ltr'>in</span> <span class='ocrx_word' id='word_1_252' title='bbox 991 2729 1047 2771; x_wconf 90' lang='lat' dir='ltr'>eos</span> <span class='ocrx_word' id='word_1_253' title='bbox 1069 2708 1206 2772; x_wconf 88' lang='lat' dir='ltr'>metiens</span> 
     </span>
     <span class='ocr_line' id='line_1_31' title="bbox 71 2789 1244 2877; baseline 0 -20"><span class='ocrx_word' id='word_1_254' title='bbox 71 2795 157 2861; x_wconf 90' lang='lat' dir='ltr'>odio</span> <span class='ocrx_word' id='word_1_255' title='bbox 184 2790 290 2872; x_wconf 88' lang='lat' dir='ltr'>,haud</span> <span class='ocrx_word' id='word_1_256' title='bbox 314 2789 446 2874; x_wconf 82' lang='lat' dir='ltr'>ignaro“</span> <span class='ocrx_word' id='word_1_257' title='bbox 469 2793 572 2877; x_wconf 90' lang='lat' dir='ltr'>inquit</span> <span class='ocrx_word' id='word_1_258' title='bbox 596 2794 761 2873; x_wconf 86' lang='lat' dir='ltr'>„imminet</span> <span class='ocrx_word' id='word_1_259' title='bbox 789 2794 929 2856; x_wconf 81' lang='lat' dir='ltr'>fortuna.</span> <span class='ocrx_word' id='word_1_260' title='bbox 966 2793 1072 2877; x_wconf 86' lang='lat' dir='ltr'>video,</span> <span class='ocrx_word' id='word_1_261' title='bbox 1105 2793 1244 2858; x_wconf 77' lang='lat' dir='ltr'>donec4</span> 
     </span>
     <span class='ocr_line' id='line_1_32' title="bbox 71 2877 1206 2954; baseline -0.003 -8"><span class='ocrx_word' id='word_1_262' title='bbox 71 2899 174 2946; x_wconf 88' lang='lat' dir='ltr'>arma</span> <span class='ocrx_word' id='word_1_263' title='bbox 198 2877 393 2940; x_wconf 89' lang='lat' dir='ltr'>adversariis</span> <span class='ocrx_word' id='word_1_264' title='bbox 416 2878 593 2954; x_wconf 87' lang='lat' dir='ltr'>tradantur,</span> <span class='ocrx_word' id='word_1_265' title='bbox 618 2878 740 2942; x_wconf 85' lang='lat' dir='ltr'>differri</span> <span class='ocrx_word' id='word_1_266' title='bbox 763 2879 920 2942; x_wconf 85' lang='lat' dir='ltr'>adversus</span> <span class='ocrx_word' id='word_1_267' title='bbox 944 2900 1002 2943; x_wconf 88' lang='lat' dir='ltr'>nos</span> <span class='ocrx_word' id='word_1_268' title='bbox 1033 2888 1206 2943; x_wconf 87' lang='lat' dir='ltr'>certarnen.</span> 
     </span>
     <span class='ocr_line' id='line_1_33' title="bbox 71 2961 1205 3049; baseline -0.004 -19"><span class='ocrx_word' id='word_1_269' title='bbox 71 2963 208 3030; x_wconf 92' lang='lat' dir='ltr'>dandus</span> <span class='ocrx_word' id='word_1_270' title='bbox 231 2961 373 3026; x_wconf 88' lang='lat' dir='ltr'>invidiae</span> <span class='ocrx_word' id='word_1_271' title='bbox 396 2971 446 3026; x_wconf 92' lang='lat' dir='ltr'>est</span> <span class='ocrx_word' id='word_1_272' title='bbox 469 2965 609 3046; x_wconf 83' lang='lat' dir='ltr'>sanguis.</span> <span class='ocrx_word' id='word_1_273' title='bbox 647 2964 726 3027; x_wconf 93' lang='lat' dir='ltr'>nihil</span> <span class='ocrx_word' id='word_1_274' title='bbox 756 2986 798 3027; x_wconf 90' lang='lat' dir='ltr'>ne</span> <span class='ocrx_word' id='word_1_275' title='bbox 830 2986 890 3046; x_wconf 84' lang='lat' dir='ltr'>ego</span> <span class='ocrx_word' id='word_1_276' title='bbox 926 2965 1058 3049; x_wconf 91' lang='lat' dir='ltr'>quidem</span> <span class='ocrx_word' id='word_1_277' title='bbox 1086 2986 1205 3046; x_wconf 88' lang='lat' dir='ltr'>moror,</span> 
     </span>
     <span class='ocr_line' id='line_1_34' title="bbox 71 3047 1242 3138; baseline -0.001 -24"><span class='ocrx_word' id='word_1_278' title='bbox 71 3048 252 3138; x_wconf 87' lang='lat' dir='ltr'>quominus</span> <span class='ocrx_word' id='word_1_279' title='bbox 277 3047 498 3112; x_wconf 89' lang='lat' dir='ltr'>decemviratu</span> <span class='ocrx_word' id='word_1_280' title='bbox 520 3047 667 3112; x_wconf 84' lang='lat' dir='ltr'>abeam.“</span> <span class='ocrx_word' id='word_1_281' title='bbox 705 3048 825 3112; x_wconf 89' lang='lat' dir='ltr'>factum</span> <span class='ocrx_word' id='word_1_282' title='bbox 857 3060 986 3112; x_wconf 89' lang='lat' dir='ltr'>senatus</span> <span class='ocrx_word' id='word_1_283' title='bbox 1014 3049 1205 3132; x_wconf 86' lang='lat' dir='ltr'>consultum,</span> <span class='ocrx_word' id='word_1_284' title='bbox 1226 3068 1242 3113; x_wconf 76' lang='grc' dir='ltr'>ὁ</span> 
     </span>
     <span class='ocr_line' id='line_1_35' title="bbox 71 3134 1205 3219; baseline -0.004 -18"><span class='ocrx_word' id='word_1_285' title='bbox 71 3139 112 3201; x_wconf 84' lang='lat' dir='ltr'>ut</span> <span class='ocrx_word' id='word_1_286' title='bbox 139 3134 316 3197; x_wconf 87' lang='lat' dir='ltr'>decemviri</span> <span class='ocrx_word' id='word_1_287' title='bbox 349 3154 385 3195; x_wconf 89' lang='lat' dir='ltr'>se</span> <span class='ocrx_word' id='word_1_288' title='bbox 417 3136 521 3217; x_wconf 89' lang='lat' dir='ltr'>primo</span> <span class='ocrx_word' id='word_1_289' title='bbox 556 3155 684 3218; x_wconf 91' lang='lat' dir='ltr'>quoque</span> <span class='ocrx_word' id='word_1_290' title='bbox 716 3145 863 3219; x_wconf 88' lang='lat' dir='ltr'>tempore</span> <span class='ocrx_word' id='word_1_291' title='bbox 894 3136 1083 3217; x_wconf 82' lang='lat' dir='ltr'>magistratu</span> <span class='ocrx_word' id='word_1_292' title='bbox 1116 3134 1205 3198; x_wconf 90' lang='lat' dir='ltr'>abdi·</span> 
     </span>
     <span class='ocr_line' id='line_1_36' title="bbox 71 3217 1204 3305; baseline -0.004 -17"><span class='ocrx_word' id='word_1_293' title='bbox 71 3228 202 3299; x_wconf 87' lang='lat' dir='ltr'>carent,</span> <span class='ocrx_word' id='word_1_294' title='bbox 228 3217 267 3296; x_wconf 80' lang='lat' dir='ltr'>Q.</span> <span class='ocrx_word' id='word_1_295' title='bbox 284 3218 403 3281; x_wconf 84' lang='lat' dir='ltr'>Furius</span> <span class='ocrx_word' id='word_1_296' title='bbox 426 3218 575 3301; x_wconf 87' lang='lat' dir='ltr'>pontifex</span> <span class='ocrx_word' id='word_1_297' title='bbox 596 3221 756 3283; x_wconf 86' lang='lat' dir='ltr'>maximus</span> <span class='ocrx_word' id='word_1_298' title='bbox 780 3219 925 3283; x_wconf 86' lang='lat' dir='ltr'>tribunos</span> <span class='ocrx_word' id='word_1_299' title='bbox 945 3219 1050 3305; x_wconf 91' lang='lat' dir='ltr'>plebis</span> <span class='ocrx_word' id='word_1_300' title='bbox 1068 3229 1204 3301; x_wconf 86' lang='lat' dir='ltr'>crearet,</span> 
     </span>
     <span class='ocr_line' id='line_1_37' title="bbox 71 3302 1019 3391; baseline -0.005 -20"><span class='ocrx_word' id='word_1_301' title='bbox 71 3317 108 3374; x_wconf 87' lang='lat' dir='ltr'>et</span> <span class='ocrx_word' id='word_1_302' title='bbox 133 3326 177 3368; x_wconf 90' lang='lat' dir='ltr'>ne</span> <span class='ocrx_word' id='word_1_303' title='bbox 201 3305 253 3365; x_wconf 92' lang='lat' dir='ltr'>cui</span> <span class='ocrx_word' id='word_1_304' title='bbox 276 3302 383 3366; x_wconf 85' lang='lat' dir='ltr'>fraudi</span> <span class='ocrx_word' id='word_1_305' title='bbox 406 3313 492 3367; x_wconf 89' lang='lat' dir='ltr'>esset</span> <span class='ocrx_word' id='word_1_306' title='bbox 515 3305 655 3368; x_wconf 89' lang='lat' dir='ltr'>secessio</span> <span class='ocrx_word' id='word_1_307' title='bbox 677 3303 814 3368; x_wconf 91' lang='lat' dir='ltr'>militum</span> <span class='ocrx_word' id='word_1_308' title='bbox 836 3303 1019 3391; x_wconf 88' lang='lat' dir='ltr'>plebisque.</span> 
     </span>
    </p>

    <p class='ocr_par' dir='ltr' id='par_1_4' title="bbox 71 3387 1244 3903">
     <span class='ocr_line' id='line_1_38' title="bbox 184 3387 1240 3474; baseline 0.005 -23"><span class='ocrx_word' id='word_1_309' title='bbox 184 3387 246 3451; x_wconf 87' lang='lat' dir='ltr'>His</span> <span class='ocrx_word' id='word_1_310' title='bbox 269 3398 400 3452; x_wconf 88' lang='lat' dir='ltr'>senatus</span> <span class='ocrx_word' id='word_1_311' title='bbox 424 3389 577 3452; x_wconf 88' lang='lat' dir='ltr'>consultis</span> <span class='ocrx_word' id='word_1_312' title='bbox 600 3389 752 3474; x_wconf 89' lang='lat' dir='ltr'>perfectis</span> <span class='ocrx_word' id='word_1_313' title='bbox 775 3391 907 3453; x_wconf 92' lang='lat' dir='ltr'>dimisso</span> <span class='ocrx_word' id='word_1_314' title='bbox 932 3400 1045 3454; x_wconf 89' lang='lat' dir='ltr'>senatu</span> <span class='ocrx_word' id='word_1_315' title='bbox 1076 3389 1204 3454; x_wconf 88' lang='lat' dir='ltr'>decem·</span> <span class='ocrx_word' id='word_1_316' title='bbox 1224 3409 1240 3456; x_wconf 84' lang='grc'><strong>6</strong></span> 
     </span>
     <span class='ocr_line' id='line_1_39' title="bbox 71 3473 1205 3561; baseline -0.003 -20"><span class='ocrx_word' id='word_1_317' title='bbox 71 3476 140 3544; x_wconf 89' lang='lat' dir='ltr'>viri</span> <span class='ocrx_word' id='word_1_318' title='bbox 165 3473 331 3559; x_wconf 89' lang='lat' dir='ltr'>prodeunt</span> <span class='ocrx_word' id='word_1_319' title='bbox 354 3476 387 3536; x_wconf 93' lang='lat' dir='ltr'>in</span> <span class='ocrx_word' id='word_1_320' title='bbox 410 3476 594 3538; x_wconf 88' lang='lat' dir='ltr'>contionem</span> <span class='ocrx_word' id='word_1_321' title='bbox 621 3474 837 3561; x_wconf 83' lang='lat' dir='ltr'>abdicantque</span> <span class='ocrx_word' id='word_1_322' title='bbox 870 3498 905 3538; x_wconf 89' lang='lat' dir='ltr'>se</span> <span class='ocrx_word' id='word_1_323' title='bbox 936 3477 1128 3559; x_wconf 84' lang='lat' dir='ltr'>magistratu</span> <span class='ocrx_word' id='word_1_324' title='bbox 1158 3477 1205 3538; x_wconf 89' lang='lat' dir='ltr'>in·</span> 
     </span>
     <span class='ocr_line' id='line_1_40' title="bbox 71 3558 1239 3651; baseline 0.003 -25"><span class='ocrx_word' id='word_1_325' title='bbox 71 3562 169 3651; x_wconf 84' lang='lat' dir='ltr'>genti</span> <span class='ocrx_word' id='word_1_326' title='bbox 191 3558 360 3623; x_wconf 88' lang='lat' dir='ltr'>hominum</span> <span class='ocrx_word' id='word_1_327' title='bbox 382 3558 514 3623; x_wconf 88' lang='lat' dir='ltr'>laetitia.</span> <span class='ocrx_word' id='word_1_328' title='bbox 537 3562 727 3625; x_wconf 86' lang='lat' dir='ltr'>nuntiantur</span> <span class='ocrx_word' id='word_1_329' title='bbox 747 3561 829 3624; x_wconf 89' lang='lat' dir='ltr'>haec</span> <span class='ocrx_word' id='word_1_330' title='bbox 852 3558 949 3645; x_wconf 51' lang='lat' dir='ltr'>plebi,</span> <span class='ocrx_word' id='word_1_331' title='bbox 972 3559 1097 3642; x_wconf 83' lang='lat' dir='ltr'>legatos</span> <span class='ocrx_word' id='word_1_332' title='bbox 1114 3561 1239 3644; x_wconf 76' lang='lat' dir='ltr'>quid-⁷</span> 
     </span>
     <span class='ocr_line' id='line_1_41' title="bbox 71 3643 1205 3736; baseline -0.004 -23"><span class='ocrx_word' id='word_1_333' title='bbox 71 3646 156 3736; x_wconf 91' lang='lat' dir='ltr'>quid</span> <span class='ocrx_word' id='word_1_334' title='bbox 181 3647 214 3707; x_wconf 91' lang='lat' dir='ltr'>in</span> <span class='ocrx_word' id='word_1_335' title='bbox 238 3643 318 3707; x_wconf 90' lang='lat' dir='ltr'>urbe</span> <span class='ocrx_word' id='word_1_336' title='bbox 342 3645 508 3710; x_wconf 89' lang='lat' dir='ltr'>hominum</span> <span class='ocrx_word' id='word_1_337' title='bbox 541 3656 708 3730; x_wconf 89' lang='lat' dir='ltr'>supererat</span> <span class='ocrx_word' id='word_1_338' title='bbox 738 3647 957 3733; x_wconf 89' lang='lat' dir='ltr'>prosequitur.</span> <span class='ocrx_word' id='word_1_339' title='bbox 996 3643 1071 3709; x_wconf 90' lang='lat' dir='ltr'>huic</span> <span class='ocrx_word' id='word_1_340' title='bbox 1099 3645 1205 3709; x_wconf 92' lang='lat' dir='ltr'>multi·</span> 
     </span>
     <span class='ocr_line' id='line_1_42' title="bbox 71 3728 1205 3813; baseline -0.006 -11"><span class='ocrx_word' id='word_1_341' title='bbox 71 3733 182 3802; x_wconf 88' lang='lat' dir='ltr'>tudini</span> <span class='ocrx_word' id='word_1_342' title='bbox 205 3729 291 3794; x_wconf 88' lang='lat' dir='ltr'>laeta</span> <span class='ocrx_word' id='word_1_343' title='bbox 313 3729 376 3793; x_wconf 88' lang='lat' dir='ltr'>alia</span> <span class='ocrx_word' id='word_1_344' title='bbox 406 3731 501 3793; x_wconf 84' lang='lat' dir='ltr'>turba</span> <span class='ocrx_word' id='word_1_345' title='bbox 533 3754 574 3795; x_wconf 88' lang='lat' dir='ltr'>ex</span> <span class='ocrx_word' id='word_1_346' title='bbox 606 3734 719 3795; x_wconf 88' lang='lat' dir='ltr'>castris</span> <span class='ocrx_word' id='word_1_347' title='bbox 753 3732 901 3796; x_wconf 90' lang='lat' dir='ltr'>occurrit.</span> <span class='ocrx_word' id='word_1_348' title='bbox 940 3728 1205 3813; x_wconf 76' lang='lat' dir='ltr'>congratulantur</span> 
     </span>
     <span class='ocr_line' id='line_1_43' title="bbox 71 3816 1244 3903; baseline -0.005 -16"><span class='ocrx_word' id='word_1_349' title='bbox 71 3821 264 3887; x_wconf 86' lang='lat' dir='ltr'>libertatem</span> <span class='ocrx_word' id='word_1_350' title='bbox 302 3816 574 3903; x_wconf 83' lang='lat' dir='ltr'>concordiamque</span> <span class='ocrx_word' id='word_1_351' title='bbox 612 3819 734 3884; x_wconf 88' lang='lat' dir='ltr'>civitati</span> <span class='ocrx_word' id='word_1_352' title='bbox 770 3818 964 3884; x_wconf 77' lang='lat' dir='ltr'>restitutam.</span> <span class='ocrx_word' id='word_1_353' title='bbox 1008 3817 1110 3902; x_wconf 62' lang='lat' dir='ltr'>legati</span> <span class='ocrx_word' id='word_1_354' title='bbox 1143 3834 1244 3899; x_wconf 70' lang='lat' dir='ltr'>prot</span> 
     </span>
    </p>

    <p class='ocr_par' dir='ltr' id='par_1_5' title="bbox 1125 3915 1177 3966">
     <span class='ocr_line' id='line_1_44' title="bbox 1125 3915 1177 3966; baseline 0.019 -1"><span class='ocrx_word' id='word_1_355' title='bbox 1125 3915 1177 3966; x_wconf 47' lang='lat' dir='ltr'>ab*</span> 
     </span>
    </p>
   </div>
   <div class='ocr_carea' id='block_1_3' title="bbox 0 0 1378 4146">
    <p class='ocr_par' dir='ltr' id='par_1_6' title="bbox 0 0 1378 4146">
     <span class='ocr_line' id='line_1_45' title="bbox 0 0 1378 4146; baseline 0 0"><span class='ocrx_word' id='word_1_356' title='bbox 0 0 1378 4146; x_wconf 95' lang='lat' dir='ltr'> </span> 
     </span>
    </p>
   </div>
  </div>
 </body>
</html>
