<?xml version="1.0" encoding="UTF-8"?>
<!DOCTYPE html PUBLIC "-//W3C//DTD XHTML 1.0 Transitional//EN"
    "http://www.w3.org/TR/xhtml1/DTD/xhtml1-transitional.dtd">
<html xmlns="http://www.w3.org/1999/xhtml" xml:lang="en" lang="en">
 <head>
  <title>
</title>
<meta http-equiv="Content-Type" content="text/html;charset=utf-8" />
  <meta name='ocr-system' content='tesseract 3.04.00' />
  <meta name='ocr-capabilities' content='ocr_page ocr_carea ocr_par ocr_line ocrx_word'/>
</head>
<body>
  <div class='ocr_page' id='page_1' title='image "./aburbeconditali02livygoog_0234.png"; bbox 0 0 2738 4146; ppageno 0'>
   <div class='ocr_carea' id='block_1_1' title="bbox 357 100 1261 182">
    <p class='ocr_par' dir='ltr' id='par_1_1' title="bbox 357 100 1261 182">
     <span class='ocr_line' id='line_1_1' title="bbox 357 100 1261 182; baseline 0 -22"><span class='ocrx_word' id='word_1_1' title='bbox 357 108 467 160; x_wconf 72' lang='lat' dir='ltr'><strong>crana</strong></span> <span class='ocrx_word' id='word_1_2' title='bbox 484 110 533 160; x_wconf 88' lang='lat'><em>111.</em></span> <span class='ocrx_word' id='word_1_3' title='bbox 552 110 628 160; x_wconf 77' lang='lat' dir='ltr'><strong>car.</strong></span> <span class='ocrx_word' id='word_1_4' title='bbox 647 114 688 162; x_wconf 78' lang='lat' dir='ltr'><strong>ao.</strong></span> <span class='ocrx_word' id='word_1_5' title='bbox 707 114 749 162; x_wconf 80' lang='lat' dir='ltr'><strong>aa.</strong></span> <span class='ocrx_word' id='word_1_6' title='bbox 769 110 802 178; x_wconf 74' lang='lat' dir='ltr'><strong>[a.</strong></span> <span class='ocrx_word' id='word_1_7' title='bbox 821 112 854 164; x_wconf 86' lang='lat' dir='ltr'><strong>u.</strong></span> <span class='ocrx_word' id='word_1_8' title='bbox 873 128 896 162; x_wconf 70' lang='lat' dir='ltr'><strong>a</strong></span> <span class='ocrx_word' id='word_1_9' title='bbox 915 112 985 182; x_wconf 79' lang='lat' dir='ltr'><strong>aosp.</strong></span> <span class='ocrx_word' id='word_1_10' title='bbox 1202 100 1261 160; x_wconf 73' lang='lat'><strong>221</strong></span> 
     </span>
    </p>
   </div>
   <div class='ocr_carea' id='block_1_2' title="bbox 10 280 1298 3904">
    <p class='ocr_par' dir='ltr' id='par_1_2' title="bbox 10 280 1247 597">
     <span class='ocr_line' id='line_1_2' title="bbox 10 280 1247 370; baseline 0.008 -32"><span class='ocrx_word' id='word_1_11' title='bbox 10 360 15 365; x_wconf 28' lang='grc'><strong>,</strong></span> <span class='ocrx_word' id='word_1_12' title='bbox 100 280 253 364; x_wconf 76' lang='lat' dir='ltr'><strong>spirantem</strong></span> <span class='ocrx_word' id='word_1_13' title='bbox 288 280 396 346; x_wconf 90' lang='lat' dir='ltr'><strong>locum</strong></span> <span class='ocrx_word' id='word_1_14' title='bbox 427 281 595 348; x_wconf 77' lang='lat' dir='ltr'><strong>seditionis</strong></span> <span class='ocrx_word' id='word_1_15' title='bbox 628 305 786 368; x_wconf 85' lang='lat' dir='ltr'>quaerere</span> <span class='ocrx_word' id='word_1_16' title='bbox 818 283 950 349; x_wconf 89' lang='lat' dir='ltr'><strong>diceret.</strong></span> <span class='ocrx_word' id='word_1_17' title='bbox 987 308 1052 350; x_wconf 93' lang='lat' dir='ltr'><strong>non</strong></span> <span class='ocrx_word' id='word_1_18' title='bbox 1083 287 1247 370; x_wconf 77' lang='lat' dir='ltr'><strong>praebia</strong></span> 
     </span>
     <span class='ocr_line' id='line_1_3' title="bbox 10 367 1212 451; baseline 0.008 -24"><span class='ocrx_word' id='word_1_19' title='bbox 10 390 19 397; x_wconf 91' lang='lat'>·</span> <span class='ocrx_word' id='word_1_20' title='bbox 100 372 185 433; x_wconf 85' lang='lat' dir='ltr'><strong>turum</strong></span> <span class='ocrx_word' id='word_1_21' title='bbox 209 391 245 434; x_wconf 89' lang='lat' dir='ltr'><strong>se</strong></span> <span class='ocrx_word' id='word_1_22' title='bbox 268 367 315 432; x_wconf 92' lang='lat' dir='ltr'><strong>illi</strong></span> <span class='ocrx_word' id='word_1_23' title='bbox 338 390 377 433; x_wconf 91' lang='lat' dir='ltr'><strong>eo</strong></span> <span class='ocrx_word' id='word_1_24' title='bbox 401 368 455 434; x_wconf 91' lang='lat' dir='ltr'><strong>die</strong></span> <span class='ocrx_word' id='word_1_25' title='bbox 482 372 667 451; x_wconf 89' lang='lat' dir='ltr'><strong>materiam;</strong></span> <span class='ocrx_word' id='word_1_26' title='bbox 701 370 757 432; x_wconf 90' lang='lat' dir='ltr'><strong>sed</strong></span> <span class='ocrx_word' id='word_1_27' title='bbox 790 379 828 434; x_wconf 92' lang='lat' dir='ltr'><strong>ut</strong></span> <span class='ocrx_word' id='word_1_28' title='bbox 857 372 920 433; x_wconf 91' lang='lat' dir='ltr'><strong>iam</strong></span> <span class='ocrx_word' id='word_1_29' title='bbox 954 373 1051 435; x_wconf 86' lang='lat' dir='ltr'><strong>sciret</strong></span> <span class='ocrx_word' id='word_1_30' title='bbox 1082 395 1146 437; x_wconf 92' lang='lat' dir='ltr'><strong>non</strong></span> <span class='ocrx_word' id='word_1_31' title='bbox 1178 374 1212 437; x_wconf 91' lang='lat' dir='ltr'><strong>id</strong></span> 
     </span>
     <span class='ocr_line' id='line_1_4' title="bbox 10 453 1212 597; baseline 0.007 -81"><span class='ocrx_word' id='word_1_32' title='bbox 10 458 17 467; x_wconf 83' lang='lat'><em>&#39;</em></span> <span class='ocrx_word' id='word_1_33' title='bbox 93 455 277 597; x_wconf 79' lang='lat' dir='ltr'><strong>petulantiae</strong></span> <span class='ocrx_word' id='word_1_34' title='bbox 300 476 389 536; x_wconf 90' lang='lat' dir='ltr'><strong>suae,</strong></span> <span class='ocrx_word' id='word_1_35' title='bbox 413 453 472 518; x_wconf 88' lang='lat' dir='ltr'><strong>sed</strong></span> <span class='ocrx_word' id='word_1_36' title='bbox 494 453 652 540; x_wconf 86' lang='lat' dir='ltr'><strong>Verginio</strong></span> <span class='ocrx_word' id='word_1_37' title='bbox 680 453 807 519; x_wconf 78' lang='lat' dir='ltr'><strong>absenti</strong></span> <span class='ocrx_word' id='word_1_38' title='bbox 830 466 863 520; x_wconf 88' lang='lat' dir='ltr'><strong>et</strong></span> <span class='ocrx_word' id='word_1_39' title='bbox 885 458 991 543; x_wconf 92' lang='lat' dir='ltr'><strong>patrio</strong></span> <span class='ocrx_word' id='word_1_40' title='bbox 1023 459 1145 522; x_wconf 92' lang='lat' dir='ltr'><strong>nomini</strong></span> <span class='ocrx_word' id='word_1_41' title='bbox 1180 470 1212 524; x_wconf 90' lang='lat' dir='ltr'><strong>et</strong></span> 
     </span>
    </p>

    <p class='ocr_par' dir='ltr' id='par_1_3' title="bbox 10 537 1298 2953">
     <span class='ocr_line' id='line_1_5' title="bbox 103 537 1210 629; baseline 0.01 -31"><span class='ocrx_word' id='word_1_42' title='bbox 103 537 217 606; x_wconf 89' lang='lat' dir='ltr'><strong>ibertati</strong></span> <span class='ocrx_word' id='word_1_43' title='bbox 241 541 367 622; x_wconf 89' lang='lat' dir='ltr'><strong>datum,</strong></span> <span class='ocrx_word' id='word_1_44' title='bbox 390 541 441 604; x_wconf 90' lang='lat' dir='ltr'><strong>ius</strong></span> <span class='ocrx_word' id='word_1_45' title='bbox 464 562 503 605; x_wconf 90' lang='lat' dir='ltr'><strong>eo</strong></span> <span class='ocrx_word' id='word_1_46' title='bbox 528 541 581 605; x_wconf 92' lang='lat' dir='ltr'><strong>die</strong></span> <span class='ocrx_word' id='word_1_47' title='bbox 604 563 639 605; x_wconf 86' lang='lat' dir='ltr'><strong>se</strong></span> <span class='ocrx_word' id='word_1_48' title='bbox 661 563 725 605; x_wconf 91' lang='lat' dir='ltr'><strong>non</strong></span> <span class='ocrx_word' id='word_1_49' title='bbox 742 542 904 606; x_wconf 86' lang='lat' dir='ltr'><strong>dicturum</strong></span> <span class='ocrx_word' id='word_1_50' title='bbox 919 566 1026 629; x_wconf 91' lang='lat' dir='ltr'><strong>neque</strong></span> <span class='ocrx_word' id='word_1_51' title='bbox 1043 544 1210 611; x_wconf 89' lang='lat' dir='ltr'><strong>decretum</strong></span> 
     </span>
     <span class='ocr_line' id='line_1_6' title="bbox 92 621 1212 715; baseline 0.008 -28"><span class='ocrx_word' id='word_1_52' title='bbox 92 621 362 715; x_wconf 68' lang='lat' dir='ltr'><strong>interpositorum</strong></span> <span class='ocrx_word' id='word_1_53' title='bbox 405 649 425 690; x_wconf 96' lang='lat' dir='ltr'><strong>a</strong></span> <span class='ocrx_word' id='word_1_54' title='bbox 461 626 506 693; x_wconf 90' lang='lat' dir='ltr'><strong>M.</strong></span> <span class='ocrx_word' id='word_1_55' title='bbox 544 625 682 692; x_wconf 80' lang='lat' dir='ltr'><strong>Claudio</strong></span> <span class='ocrx_word' id='word_1_56' title='bbox 720 629 908 712; x_wconf 90' lang='lat' dir='ltr'><strong>petiturum,</strong></span> <span class='ocrx_word' id='word_1_57' title='bbox 953 640 990 693; x_wconf 90' lang='lat' dir='ltr'><strong>ut</strong></span> <span class='ocrx_word' id='word_1_58' title='bbox 1035 630 1212 696; x_wconf 90' lang='lat' dir='ltr'><strong>decederet</strong></span> 
     </span>
     <span class='ocr_line' id='line_1_7' title="bbox 90 709 1211 800; baseline 0.004 -23"><span class='ocrx_word' id='word_1_59' title='bbox 90 709 145 778; x_wconf 83' lang='lat' dir='ltr'><strong>iure</strong></span> <span class='ocrx_word' id='word_1_60' title='bbox 165 736 225 778; x_wconf 94' lang='lat' dir='ltr'><strong>suo</strong></span> <span class='ocrx_word' id='word_1_61' title='bbox 248 712 476 800; x_wconf 83' lang='lat' dir='ltr'><strong>vindicarique</strong></span> <span class='ocrx_word' id='word_1_62' title='bbox 498 711 641 799; x_wconf 83' lang='lat' dir='ltr'>puellam</span> <span class='ocrx_word' id='word_1_63' title='bbox 666 714 699 776; x_wconf 94' lang='lat' dir='ltr'><strong>in</strong></span> <span class='ocrx_word' id='word_1_64' title='bbox 721 724 889 799; x_wconf 88' lang='lat' dir='ltr'><strong>posterum</strong></span> <span class='ocrx_word' id='word_1_65' title='bbox 918 715 1004 778; x_wconf 90' lang='lat' dir='ltr'><strong>diem</strong></span> <span class='ocrx_word' id='word_1_66' title='bbox 1027 726 1211 800; x_wconf 89' lang='lat' dir='ltr'><strong>pateretur;</strong></span> 
     </span>
     <span class='ocr_line' id='line_1_8' title="bbox 89 799 1246 886; baseline 0.001 -23"><span class='ocrx_word' id='word_1_67' title='bbox 89 801 162 883; x_wconf 89' lang='lat' dir='ltr'><strong>quod</strong></span> <span class='ocrx_word' id='word_1_68' title='bbox 204 799 269 863; x_wconf 90' lang='lat' dir='ltr'><strong>nisi</strong></span> <span class='ocrx_word' id='word_1_69' title='bbox 310 808 406 886; x_wconf 90' lang='lat' dir='ltr'><strong>pater</strong></span> <span class='ocrx_word' id='word_1_70' title='bbox 475 809 582 864; x_wconf 90' lang='lat' dir='ltr'><strong>ostero</strong></span> <span class='ocrx_word' id='word_1_71' title='bbox 628 799 681 862; x_wconf 90' lang='lat' dir='ltr'><strong>die</strong></span> <span class='ocrx_word' id='word_1_72' title='bbox 725 800 892 881; x_wconf 83' lang='lat' dir='ltr'><strong>adfuisset,</strong></span> <span class='ocrx_word' id='word_1_73' title='bbox 939 801 1130 867; x_wconf 90' lang='lat' dir='ltr'><strong>denuntiare</strong></span> <span class='ocrx_word' id='word_1_74' title='bbox 1174 818 1246 868; x_wconf 77' lang='lat' dir='ltr'><strong>set</strong></span> 
     </span>
     <span class='ocr_line' id='line_1_9' title="bbox 10 823 1209 974; baseline 0.006 -27"><span class='ocrx_word' id='word_1_75' title='bbox 10 938 13 947; x_wconf 95' lang='grc'>.</span> <span class='ocrx_word' id='word_1_76' title='bbox 86 879 164 952; x_wconf 91' lang='lat' dir='ltr'><strong>lcilio</strong></span> <span class='ocrx_word' id='word_1_77' title='bbox 198 884 427 970; x_wconf 86' lang='lat' dir='ltr'><strong>similibusque</strong></span> <span class='ocrx_word' id='word_1_78' title='bbox 449 823 543 960; x_wconf 88' lang='lat' dir='ltr'><strong>lcilii,</strong></span> <span class='ocrx_word' id='word_1_79' title='bbox 581 907 689 971; x_wconf 90' lang='lat' dir='ltr'><strong>neque</strong></span> <span class='ocrx_word' id='word_1_80' title='bbox 725 885 790 969; x_wconf 88' lang='lat' dir='ltr'><strong>legi</strong></span> <span class='ocrx_word' id='word_1_81' title='bbox 825 908 903 951; x_wconf 91' lang='lat' dir='ltr'><strong>suae</strong></span> <span class='ocrx_word' id='word_1_82' title='bbox 934 886 1071 952; x_wconf 92' lang='lat' dir='ltr'><strong>latorem</strong></span> <span class='ocrx_word' id='word_1_83' title='bbox 1102 911 1209 974; x_wconf 89' lang='lat' dir='ltr'><strong>neque</strong></span> 
     </span>
     <span class='ocr_line' id='line_1_10' title="bbox 84 967 1209 1059; baseline 0.005 -25"><span class='ocrx_word' id='word_1_84' title='bbox 84 967 262 1039; x_wconf 84' lang='lat' dir='ltr'><strong>decemviro</strong></span> <span class='ocrx_word' id='word_1_85' title='bbox 291 973 506 1037; x_wconf 86' lang='lat' dir='ltr'><strong>constantiam</strong></span> <span class='ocrx_word' id='word_1_86' title='bbox 539 971 661 1036; x_wconf 90' lang='lat' dir='ltr'><strong>defore.</strong></span> <span class='ocrx_word' id='word_1_87' title='bbox 693 994 755 1036; x_wconf 91' lang='lat' dir='ltr'><strong>nec</strong></span> <span class='ocrx_word' id='word_1_88' title='bbox 787 995 822 1037; x_wconf 91' lang='lat' dir='ltr'><strong>se</strong></span> <span class='ocrx_word' id='word_1_89' title='bbox 854 975 968 1058; x_wconf 89' lang='lat' dir='ltr'><strong>utique</strong></span> <span class='ocrx_word' id='word_1_90' title='bbox 1000 973 1209 1059; x_wconf 81' lang='lat' dir='ltr'><strong>conlegarum</strong></span> 
     </span>
     <span class='ocr_line' id='line_1_11' title="bbox 74 1053 1208 1144; baseline 0.005 -24"><span class='ocrx_word' id='word_1_91' title='bbox 74 1053 205 1125; x_wconf 72' lang='lat' dir='ltr'><strong>‘lictores</strong></span> <span class='ocrx_word' id='word_1_92' title='bbox 238 1069 494 1123; x_wconf 87' lang='lat' dir='ltr'><strong>convocaturum</strong></span> <span class='ocrx_word' id='word_1_93' title='bbox 532 1057 573 1121; x_wconf 91' lang='lat' dir='ltr'><strong>ad</strong></span> <span class='ocrx_word' id='word_1_94' title='bbox 606 1060 805 1123; x_wconf 89' lang='lat' dir='ltr'><strong>coercendos</strong></span> <span class='ocrx_word' id='word_1_95' title='bbox 838 1059 1006 1123; x_wconf 87' lang='lat' dir='ltr'><strong>seditionis</strong></span> <span class='ocrx_word' id='word_1_96' title='bbox 1043 1073 1208 1144; x_wconf 73' lang='lat' dir='ltr'><strong>auctores,</strong></span> 
     </span>
     <span class='ocr_line' id='line_1_12' title="bbox 78 1143 1244 1234; baseline 0.003 -28"><span class='ocrx_word' id='word_1_97' title='bbox 78 1155 264 1211; x_wconf 88' lang='lat' dir='ltr'><strong>contentum</strong></span> <span class='ocrx_word' id='word_1_98' title='bbox 301 1166 338 1209; x_wconf 89' lang='lat' dir='ltr'><strong>se</strong></span> <span class='ocrx_word' id='word_1_99' title='bbox 371 1145 437 1208; x_wconf 93' lang='lat' dir='ltr'><strong>suis</strong></span> <span class='ocrx_word' id='word_1_100' title='bbox 472 1143 642 1209; x_wconf 77' lang='lat' dir='ltr'><strong>lictoribus</strong></span> <span class='ocrx_word' id='word_1_101' title='bbox 679 1144 758 1209; x_wconf 90' lang='lat' dir='ltr'><strong>fore.</strong></span> <span class='ocrx_word' id='word_1_102' title='bbox 797 1167 870 1208; x_wconf 90' lang='lat' dir='ltr'><strong>cum</strong></span> <span class='ocrx_word' id='word_1_103' title='bbox 907 1145 1043 1210; x_wconf 90' lang='lat' dir='ltr'><strong>dilatum</strong></span> <span class='ocrx_word' id='word_1_104' title='bbox 1079 1159 1244 1234; x_wconf 70' lang='lat' dir='ltr'><strong>tempusa</strong></span> 
     </span>
     <span class='ocr_line' id='line_1_13' title="bbox 75 1229 1207 1317; baseline 0.003 -21"><span class='ocrx_word' id='word_1_105' title='bbox 75 1229 213 1298; x_wconf 79' lang='lat' dir='ltr'><strong>iniuriae</strong></span> <span class='ocrx_word' id='word_1_106' title='bbox 223 1240 321 1312; x_wconf 91' lang='lat' dir='ltr'><strong>esset,</strong></span> <span class='ocrx_word' id='word_1_107' title='bbox 332 1231 608 1317; x_wconf 83' lang='lat' dir='ltr'><strong>secessissentque</strong></span> <span class='ocrx_word' id='word_1_108' title='bbox 620 1229 768 1294; x_wconf 88' lang='lat' dir='ltr'><strong>advocati</strong></span> <span class='ocrx_word' id='word_1_109' title='bbox 779 1230 919 1316; x_wconf 90' lang='lat' dir='ltr'><strong>puellae,</strong></span> <span class='ocrx_word' id='word_1_110' title='bbox 930 1231 1053 1317; x_wconf 81' lang='lat' dir='ltr'><strong>placuit</strong></span> <span class='ocrx_word' id='word_1_111' title='bbox 1066 1236 1207 1299; x_wconf 92' lang='lat' dir='ltr'><strong>omnium</strong></span> 
     </span>
     <span class='ocr_line' id='line_1_14' title="bbox 71 1315 1207 1402; baseline 0.002 -20"><span class='ocrx_word' id='word_1_112' title='bbox 71 1322 217 1402; x_wconf 89' lang='lat' dir='ltr'><strong>primum</strong></span> <span class='ocrx_word' id='word_1_113' title='bbox 238 1317 373 1382; x_wconf 85' lang='lat' dir='ltr'><strong>fratrem</strong></span> <span class='ocrx_word' id='word_1_114' title='bbox 396 1315 479 1380; x_wconf 85' lang='lat' dir='ltr'><strong>Icilii</strong></span> <span class='ocrx_word' id='word_1_115' title='bbox 500 1315 669 1402; x_wconf 91' lang='lat' dir='ltr'><strong>filiumque</strong></span> <span class='ocrx_word' id='word_1_116' title='bbox 689 1315 872 1398; x_wconf 88' lang='lat' dir='ltr'><strong>Numitorii,</strong></span> <span class='ocrx_word' id='word_1_117' title='bbox 896 1318 1041 1401; x_wconf 82' lang='lat' dir='ltr'><strong>inpigros</strong></span> <span class='ocrx_word' id='word_1_118' title='bbox 1063 1321 1207 1400; x_wconf 84' lang='lat' dir='ltr'><strong>iuvenes,</strong></span> 
     </span>
     <span class='ocr_line' id='line_1_15' title="bbox 69 1403 1207 1492; baseline -0.001 -20"><span class='ocrx_word' id='word_1_119' title='bbox 69 1424 213 1492; x_wconf 83' lang='lat' dir='ltr'><strong>pergere</strong></span> <span class='ocrx_word' id='word_1_120' title='bbox 227 1403 307 1468; x_wconf 92' lang='lat' dir='ltr'><strong>inde</strong></span> <span class='ocrx_word' id='word_1_121' title='bbox 322 1411 413 1467; x_wconf 87' lang='lat' dir='ltr'><strong>recta</strong></span> <span class='ocrx_word' id='word_1_122' title='bbox 433 1403 474 1467; x_wconf 93' lang='lat' dir='ltr'><strong>ad</strong></span> <span class='ocrx_word' id='word_1_123' title='bbox 491 1412 630 1488; x_wconf 89' lang='lat' dir='ltr'><strong>portam,</strong></span> <span class='ocrx_word' id='word_1_124' title='bbox 655 1411 697 1482; x_wconf 93' lang='lat' dir='ltr'><strong>et,</strong></span> <span class='ocrx_word' id='word_1_125' title='bbox 721 1413 878 1488; x_wconf 86' lang='lat' dir='ltr'><strong>quantum</strong></span> <span class='ocrx_word' id='word_1_126' title='bbox 893 1403 1207 1491; x_wconf 85' lang='lat' dir='ltr'><strong>accelerari‘posset,</strong></span> 
     </span>
     <span class='ocr_line' id='line_1_16' title="bbox 66 1486 1243 1577; baseline 0.001 -22"><span class='ocrx_word' id='word_1_127' title='bbox 66 1486 265 1577; x_wconf 86' lang='lat' dir='ltr'><strong>Verginium</strong></span> <span class='ocrx_word' id='word_1_128' title='bbox 291 1489 391 1553; x_wconf 91' lang='lat' dir='ltr'><strong>acciri</strong></span> <span class='ocrx_word' id='word_1_129' title='bbox 413 1511 432 1553; x_wconf 96' lang='lat' dir='ltr'><strong>e</strong></span> <span class='ocrx_word' id='word_1_130' title='bbox 455 1489 583 1553; x_wconf 87' lang='lat' dir='ltr'><strong>castris:</strong></span> <span class='ocrx_word' id='word_1_131' title='bbox 612 1488 645 1551; x_wconf 91' lang='lat' dir='ltr'><strong>in</strong></span> <span class='ocrx_word' id='word_1_132' title='bbox 669 1509 707 1553; x_wconf 90' lang='lat' dir='ltr'><strong>eo</strong></span> <span class='ocrx_word' id='word_1_133' title='bbox 729 1489 815 1554; x_wconf 88' lang='lat' dir='ltr'><strong>verti</strong></span> <span class='ocrx_word' id='word_1_134' title='bbox 837 1488 967 1574; x_wconf 82' lang='lat' dir='ltr'><strong>puellae</strong></span> <span class='ocrx_word' id='word_1_135' title='bbox 998 1491 1146 1570; x_wconf 90' lang='lat' dir='ltr'><strong>salutem,</strong></span> <span class='ocrx_word' id='word_1_136' title='bbox 1181 1494 1207 1556; x_wconf 92' lang='lat' dir='ltr'><strong>si</strong></span> <span class='ocrx_word' id='word_1_137' title='bbox 1227 1509 1243 1556; x_wconf 80' lang='lat' dir='ltr'><strong>o</strong></span> 
     </span>
     <span class='ocr_line' id='line_1_17' title="bbox 64 1573 1207 1664; baseline -0.002 -20"><span class='ocrx_word' id='word_1_138' title='bbox 64 1592 207 1664; x_wconf 88' lang='lat' dir='ltr'><strong>postero</strong></span> <span class='ocrx_word' id='word_1_139' title='bbox 232 1576 286 1641; x_wconf 89' lang='lat' dir='ltr'><strong>die</strong></span> <span class='ocrx_word' id='word_1_140' title='bbox 307 1575 431 1639; x_wconf 86' lang='lat' dir='ltr'><strong>vindex</strong></span> <span class='ocrx_word' id='word_1_141' title='bbox 452 1575 590 1639; x_wconf 88' lang='lat' dir='ltr'><strong>iniuriae</strong></span> <span class='ocrx_word' id='word_1_142' title='bbox 621 1573 664 1637; x_wconf 91' lang='lat' dir='ltr'><strong>ad</strong></span> <span class='ocrx_word' id='word_1_143' title='bbox 685 1583 816 1659; x_wconf 90' lang='lat' dir='ltr'><strong>tempus</strong></span> <span class='ocrx_word' id='word_1_144' title='bbox 839 1588 971 1659; x_wconf 89' lang='lat' dir='ltr'><strong>praesto</strong></span> <span class='ocrx_word' id='word_1_145' title='bbox 1001 1589 1096 1655; x_wconf 85' lang='lat' dir='ltr'><strong>esset.</strong></span> <span class='ocrx_word' id='word_1_146' title='bbox 1128 1580 1207 1643; x_wconf 90' lang='lat' dir='ltr'><strong>iussi</strong></span> 
     </span>
     <span class='ocr_line' id='line_1_18' title="bbox 62 1660 1242 1748; baseline 0 -19"><span class='ocrx_word' id='word_1_147' title='bbox 62 1672 214 1748; x_wconf 85' lang='lat' dir='ltr'><strong>pergunt</strong></span> <span class='ocrx_word' id='word_1_148' title='bbox 237 1662 412 1748; x_wconf 87' lang='lat' dir='ltr'><strong>citatisque</strong></span> <span class='ocrx_word' id='word_1_149' title='bbox 434 1663 527 1747; x_wconf 91' lang='lat' dir='ltr'><strong>equis</strong></span> <span class='ocrx_word' id='word_1_150' title='bbox 550 1660 698 1725; x_wconf 91' lang='lat' dir='ltr'><strong>nuntium</strong></span> <span class='ocrx_word' id='word_1_151' title='bbox 722 1662 763 1723; x_wconf 90' lang='lat' dir='ltr'><strong>ad</strong></span> <span class='ocrx_word' id='word_1_152' title='bbox 787 1671 914 1746; x_wconf 87' lang='lat' dir='ltr'><strong>patrem</strong></span> <span class='ocrx_word' id='word_1_153' title='bbox 929 1662 1108 1746; x_wconf 88' lang='lat' dir='ltr'><strong>perferunt.</strong></span> <span class='ocrx_word' id='word_1_154' title='bbox 1133 1687 1205 1728; x_wconf 88' lang='lat' dir='ltr'><strong>cum</strong></span> <span class='ocrx_word' id='word_1_155' title='bbox 1228 1684 1242 1730; x_wconf 79' lang='lat' dir='ltr'><strong>a</strong></span> 
     </span>
     <span class='ocr_line' id='line_1_19' title="bbox 62 1746 1298 1834; baseline 0.001 -21"><span class='ocrx_word' id='word_1_156' title='bbox 62 1750 209 1815; x_wconf 87' lang='lat' dir='ltr'><strong>instaret</strong></span> <span class='ocrx_word' id='word_1_157' title='bbox 232 1749 381 1812; x_wconf 89' lang='lat' dir='ltr'><strong>adsertor</strong></span> <span class='ocrx_word' id='word_1_158' title='bbox 404 1747 543 1832; x_wconf 91' lang='lat' dir='ltr'><strong>puellae,</strong></span> <span class='ocrx_word' id='word_1_159' title='bbox 577 1756 614 1810; x_wconf 89' lang='lat' dir='ltr'><strong>ut</strong></span> <span class='ocrx_word' id='word_1_160' title='bbox 635 1746 816 1810; x_wconf 86' lang='lat' dir='ltr'><strong>vindicaret</strong></span> <span class='ocrx_word' id='word_1_161' title='bbox 839 1769 1079 1834; x_wconf 82' lang='lat' dir='ltr'><strong>sponsoresque</strong></span> <span class='ocrx_word' id='word_1_162' title='bbox 1103 1751 1205 1832; x_wconf 90' lang='lat' dir='ltr'><strong>daret,</strong></span> <span class='ocrx_word' id='word_1_163' title='bbox 1296 1766 1298 1771; x_wconf 85' lang='lat'>&#39;</span> 
     </span>
     <span class='ocr_line' id='line_1_20' title="bbox 60 1831 1205 1924; baseline -0.003 -21"><span class='ocrx_word' id='word_1_164' title='bbox 60 1847 170 1924; x_wconf 79' lang='lat' dir='ltr'><strong>atque</strong></span> <span class='ocrx_word' id='word_1_165' title='bbox 196 1833 233 1900; x_wconf 94' lang='lat' dir='ltr'><strong>id</strong></span> <span class='ocrx_word' id='word_1_166' title='bbox 254 1835 365 1920; x_wconf 91' lang='lat' dir='ltr'><strong>ipsum</strong></span> <span class='ocrx_word' id='word_1_167' title='bbox 396 1835 449 1916; x_wconf 86' lang='lat' dir='ltr'><strong>agi</strong></span> <span class='ocrx_word' id='word_1_168' title='bbox 483 1833 607 1897; x_wconf 86' lang='lat' dir='ltr'><strong>diceret</strong></span> <span class='ocrx_word' id='word_1_169' title='bbox 636 1831 747 1896; x_wconf 91' lang='lat' dir='ltr'><strong>Icilius</strong></span> <span class='ocrx_word' id='word_1_170' title='bbox 780 1831 892 1898; x_wconf 91' lang='lat' dir='ltr'><strong>sedulo</strong></span> <span class='ocrx_word' id='word_1_171' title='bbox 925 1843 1054 1918; x_wconf 88' lang='lat' dir='ltr'><strong>tempus</strong></span> <span class='ocrx_word' id='word_1_172' title='bbox 1086 1845 1205 1918; x_wconf 91' lang='lat' dir='ltr'><strong>terens,</strong></span> 
     </span>
     <span class='ocr_line' id='line_1_21' title="bbox 64 1919 1205 2008; baseline -0.001 -20"><span class='ocrx_word' id='word_1_173' title='bbox 64 1925 150 1988; x_wconf 91' lang='lat' dir='ltr'><strong>dum</strong></span> <span class='ocrx_word' id='word_1_174' title='bbox 173 1922 288 2008; x_wconf 89' lang='lat' dir='ltr'><strong>praeci</strong></span> <span class='ocrx_word' id='word_1_175' title='bbox 314 1928 406 1984; x_wconf 90' lang='lat' dir='ltr'><strong>erent</strong></span> <span class='ocrx_word' id='word_1_176' title='bbox 427 1920 490 1983; x_wconf 85' lang='lat' dir='ltr'><strong>iter</strong></span> <span class='ocrx_word' id='word_1_177' title='bbox 512 1919 616 1983; x_wconf 88' lang='lat' dir='ltr'><strong>nuntii</strong></span> <span class='ocrx_word' id='word_1_178' title='bbox 638 1919 728 1983; x_wconf 92' lang='lat' dir='ltr'><strong>missi</strong></span> <span class='ocrx_word' id='word_1_179' title='bbox 749 1920 782 1982; x_wconf 91' lang='lat' dir='ltr'><strong>in</strong></span> <span class='ocrx_word' id='word_1_180' title='bbox 805 1929 921 2001; x_wconf 87' lang='lat' dir='ltr'><strong>eastra,</strong></span> <span class='ocrx_word' id='word_1_181' title='bbox 953 1943 1068 1986; x_wconf 90' lang='lat' dir='ltr'><strong>manus</strong></span> <span class='ocrx_word' id='word_1_182' title='bbox 1091 1922 1205 1987; x_wconf 86' lang='lat' dir='ltr'><strong>tollere</strong></span> 
     </span>
     <span class='ocr_line' id='line_1_22' title="bbox 60 1945 1205 2095; baseline -0.001 -21"><span class='ocrx_word' id='word_1_183' title='bbox 60 2010 219 2095; x_wconf 89' lang='lat' dir='ltr'><strong>undique</strong></span> <span class='ocrx_word' id='word_1_184' title='bbox 240 1945 425 2088; x_wconf 80' lang='lat' dir='ltr'><strong>multitudo,</strong></span> <span class='ocrx_word' id='word_1_185' title='bbox 455 2014 545 2070; x_wconf 91' lang='lat' dir='ltr'><strong>etse</strong></span> <span class='ocrx_word' id='word_1_186' title='bbox 591 2006 707 2090; x_wconf 90' lang='lat' dir='ltr'><strong>uisque</strong></span> <span class='ocrx_word' id='word_1_187' title='bbox 728 2016 879 2092; x_wconf 89' lang='lat' dir='ltr'><strong>paratum</strong></span> <span class='ocrx_word' id='word_1_188' title='bbox 913 2006 954 2070; x_wconf 90' lang='lat' dir='ltr'><strong>ad</strong></span> <span class='ocrx_word' id='word_1_189' title='bbox 978 2009 1205 2094; x_wconf 90' lang='lat' dir='ltr'><strong>spondendum</strong></span> 
     </span>
     <span class='ocr_line' id='line_1_23' title="bbox 61 2028 1241 2178; baseline 0.003 -18"><span class='ocrx_word' id='word_1_190' title='bbox 61 2093 163 2160; x_wconf 92' lang='lat' dir='ltr'><strong>Icilio</strong></span> <span class='ocrx_word' id='word_1_191' title='bbox 197 2093 382 2159; x_wconf 88' lang='lat' dir='ltr'><strong>ostendere.</strong></span> <span class='ocrx_word' id='word_1_192' title='bbox 420 2100 520 2177; x_wconf 91' lang='lat' dir='ltr'><strong>atque</strong></span> <span class='ocrx_word' id='word_1_193' title='bbox 557 2028 612 2154; x_wconf 90' lang='lat' dir='ltr'><strong>ille</strong></span> <span class='ocrx_word' id='word_1_194' title='bbox 645 2089 911 2156; x_wconf 85' lang='lat' dir='ltr'><strong>lacrimabundus</strong></span> <span class='ocrx_word' id='word_1_195' title='bbox 948 2105 1097 2178; x_wconf 85' lang='lat' dir='ltr'><strong>,gratum</strong></span> <span class='ocrx_word' id='word_1_196' title='bbox 1135 2096 1241 2163; x_wconf 81' lang='lat' dir='ltr'><strong>est“8</strong></span> 
     </span>
     <span class='ocr_line' id='line_1_24' title="bbox 62 2177 1206 2268; baseline 0.001 -22"><span class='ocrx_word' id='word_1_197' title='bbox 62 2182 192 2268; x_wconf 89' lang='lat' dir='ltr'><strong>inquit;</strong></span> <span class='ocrx_word' id='word_1_198' title='bbox 218 2180 380 2264; x_wconf 83' lang='lat' dir='ltr'><strong>„crastina</strong></span> <span class='ocrx_word' id='word_1_199' title='bbox 395 2177 449 2241; x_wconf 89' lang='lat' dir='ltr'><strong>die</strong></span> <span class='ocrx_word' id='word_1_200' title='bbox 464 2186 575 2242; x_wconf 88' lang='lat' dir='ltr'><strong>vestra</strong></span> <span class='ocrx_word' id='word_1_201' title='bbox 591 2198 691 2264; x_wconf 88' lang='lat' dir='ltr'><strong>opera</strong></span> <span class='ocrx_word' id='word_1_202' title='bbox 705 2188 788 2257; x_wconf 91' lang='lat' dir='ltr'><strong>utar,</strong></span> <span class='ocrx_word' id='word_1_203' title='bbox 812 2201 1004 2265; x_wconf 90' lang='lat' dir='ltr'><strong>sponsorum</strong></span> <span class='ocrx_word' id='word_1_204' title='bbox 1025 2203 1112 2245; x_wconf 90' lang='lat' dir='ltr'><strong>nunc</strong></span> <span class='ocrx_word' id='word_1_205' title='bbox 1128 2186 1206 2248; x_wconf 89' lang='lat' dir='ltr'><strong>satis</strong></span> 
     </span>
     <span class='ocr_line' id='line_1_25' title="bbox 65 2263 1239 2353; baseline 0.003 -21"><span class='ocrx_word' id='word_1_206' title='bbox 65 2269 152 2332; x_wconf 79' lang='lat' dir='ltr'><strong>est“.</strong></span> <span class='ocrx_word' id='word_1_207' title='bbox 168 2267 216 2331; x_wconf 85' lang='lat' dir='ltr'><strong>ita</strong></span> <span class='ocrx_word' id='word_1_208' title='bbox 230 2265 416 2330; x_wconf 82' lang='lat' dir='ltr'><strong>vindicatur</strong></span> <span class='ocrx_word' id='word_1_209' title='bbox 429 2263 586 2347; x_wconf 87' lang='lat' dir='ltr'><strong>Verginia</strong></span> <span class='ocrx_word' id='word_1_210' title='bbox 601 2263 840 2346; x_wconf 87' lang='lat' dir='ltr'><strong>spondentibus</strong></span> <span class='ocrx_word' id='word_1_211' title='bbox 856 2268 1058 2350; x_wconf 90' lang='lat' dir='ltr'><strong>propinquis.</strong></span> <span class='ocrx_word' id='word_1_212' title='bbox 1075 2267 1204 2353; x_wconf 88' lang='lat' dir='ltr'><strong>Appius</strong></span> <span class='ocrx_word' id='word_1_213' title='bbox 1224 2290 1239 2337; x_wconf 81' lang='lat' dir='ltr'><strong>a</strong></span> 
     </span>
     <span class='ocr_line' id='line_1_26' title="bbox 63 2350 1205 2442; baseline 0.001 -25"><span class='ocrx_word' id='word_1_214' title='bbox 63 2352 238 2442; x_wconf 86' lang='lat' dir='ltr'><strong>paulisper</strong></span> <span class='ocrx_word' id='word_1_215' title='bbox 259 2360 415 2428; x_wconf 87' lang='lat' dir='ltr'><strong>moratus,</strong></span> <span class='ocrx_word' id='word_1_216' title='bbox 437 2371 479 2414; x_wconf 89' lang='lat' dir='ltr'><strong>ne</strong></span> <span class='ocrx_word' id='word_1_217' title='bbox 503 2351 571 2413; x_wconf 92' lang='lat' dir='ltr'><strong>eius</strong></span> <span class='ocrx_word' id='word_1_218' title='bbox 593 2350 641 2414; x_wconf 91' lang='lat' dir='ltr'><strong>rei</strong></span> <span class='ocrx_word' id='word_1_219' title='bbox 657 2372 756 2413; x_wconf 90' lang='lat' dir='ltr'><strong>causa</strong></span> <span class='ocrx_word' id='word_1_220' title='bbox 778 2351 902 2415; x_wconf 86' lang='lat' dir='ltr'><strong>sedisse</strong></span> <span class='ocrx_word' id='word_1_221' title='bbox 917 2351 1095 2430; x_wconf 87' lang='lat' dir='ltr'><strong>videretur,</strong></span> <span class='ocrx_word' id='word_1_222' title='bbox 1118 2365 1205 2439; x_wconf 92' lang='lat' dir='ltr'><strong>post·</strong></span> 
     </span>
     <span class='ocr_line' id='line_1_27' title="bbox 68 2434 1203 2526; baseline -0.001 -22"><span class='ocrx_word' id='word_1_223' title='bbox 68 2449 172 2526; x_wconf 86' lang='lat' dir='ltr'><strong>quam</strong></span> <span class='ocrx_word' id='word_1_224' title='bbox 205 2439 332 2502; x_wconf 91' lang='lat' dir='ltr'><strong>omissis</strong></span> <span class='ocrx_word' id='word_1_225' title='bbox 363 2434 463 2500; x_wconf 89' lang='lat' dir='ltr'><strong>rebus</strong></span> <span class='ocrx_word' id='word_1_226' title='bbox 498 2435 569 2499; x_wconf 92' lang='lat' dir='ltr'><strong>aliis</strong></span> <span class='ocrx_word' id='word_1_227' title='bbox 601 2457 681 2520; x_wconf 93' lang='lat' dir='ltr'><strong>prae</strong></span> <span class='ocrx_word' id='word_1_228' title='bbox 721 2457 799 2499; x_wconf 86' lang='lat' dir='ltr'><strong>cura</strong></span> <span class='ocrx_word' id='word_1_229' title='bbox 829 2437 924 2501; x_wconf 92' lang='lat' dir='ltr'><strong>unius</strong></span> <span class='ocrx_word' id='word_1_230' title='bbox 955 2459 1050 2502; x_wconf 90' lang='lat' dir='ltr'><strong>nemo</strong></span> <span class='ocrx_word' id='word_1_231' title='bbox 1082 2440 1203 2523; x_wconf 87' lang='lat' dir='ltr'><strong>adibat,</strong></span> 
     </span>
     <span class='ocr_line' id='line_1_28' title="bbox 67 2521 1202 2610; baseline -0.001 -19"><span class='ocrx_word' id='word_1_232' title='bbox 67 2528 206 2590; x_wconf 89' lang='lat' dir='ltr'><strong>domum</strong></span> <span class='ocrx_word' id='word_1_233' title='bbox 229 2546 265 2589; x_wconf 93' lang='lat' dir='ltr'><strong>se</strong></span> <span class='ocrx_word' id='word_1_234' title='bbox 287 2523 412 2610; x_wconf 83' lang='lat' dir='ltr'><strong>recepit</strong></span> <span class='ocrx_word' id='word_1_235' title='bbox 434 2521 645 2608; x_wconf 85' lang='lat' dir='ltr'><strong>conlegisque</strong></span> <span class='ocrx_word' id='word_1_236' title='bbox 667 2523 700 2585; x_wconf 92' lang='lat' dir='ltr'><strong>in</strong></span> <span class='ocrx_word' id='word_1_237' title='bbox 723 2532 830 2586; x_wconf 87' lang='lat' dir='ltr'><strong>castra</strong></span> <span class='ocrx_word' id='word_1_238' title='bbox 845 2522 968 2604; x_wconf 88' lang='lat' dir='ltr'><strong>scribit,</strong></span> <span class='ocrx_word' id='word_1_239' title='bbox 991 2546 1033 2588; x_wconf 91' lang='lat' dir='ltr'><strong>ne</strong></span> <span class='ocrx_word' id='word_1_240' title='bbox 1049 2525 1202 2609; x_wconf 88' lang='lat' dir='ltr'><strong>Verginio</strong></span> 
     </span>
     <span class='ocr_line' id='line_1_29' title="bbox 67 2607 1256 2698; baseline -0.006 -21"><span class='ocrx_word' id='word_1_241' title='bbox 67 2620 290 2677; x_wconf 89' lang='lat' dir='ltr'><strong>commeatum</strong></span> <span class='ocrx_word' id='word_1_242' title='bbox 313 2607 391 2673; x_wconf 92' lang='lat' dir='ltr'><strong>dent</strong></span> <span class='ocrx_word' id='word_1_243' title='bbox 405 2619 505 2694; x_wconf 89' lang='lat' dir='ltr'><strong>atque</strong></span> <span class='ocrx_word' id='word_1_244' title='bbox 521 2608 618 2673; x_wconf 90' lang='lat' dir='ltr'><strong>etiam</strong></span> <span class='ocrx_word' id='word_1_245' title='bbox 640 2608 673 2672; x_wconf 94' lang='lat' dir='ltr'><strong>in</strong></span> <span class='ocrx_word' id='word_1_246' title='bbox 689 2609 838 2672; x_wconf 84' lang='lat' dir='ltr'><strong>custodia</strong></span> <span class='ocrx_word' id='word_1_247' title='bbox 853 2609 1006 2672; x_wconf 88' lang='lat' dir='ltr'><strong>habeant.</strong></span> <span class='ocrx_word' id='word_1_248' title='bbox 1030 2612 1203 2698; x_wconf 91' lang='lat' dir='ltr'><strong>inprobum</strong></span> <span class='ocrx_word' id='word_1_249' title='bbox 1222 2624 1256 2671; x_wconf 87' lang='lat'><strong>10</strong></span> 
     </span>
     <span class='ocr_line' id='line_1_30' title="bbox 67 2693 1202 2787; baseline 0 -23"><span class='ocrx_word' id='word_1_250' title='bbox 67 2698 242 2764; x_wconf 88' lang='lat' dir='ltr'><strong>consilium</strong></span> <span class='ocrx_word' id='word_1_251' title='bbox 266 2717 385 2778; x_wconf 91' lang='lat' dir='ltr'><strong>serum,</strong></span> <span class='ocrx_word' id='word_1_252' title='bbox 407 2705 444 2760; x_wconf 88' lang='lat' dir='ltr'><strong>ut</strong></span> <span class='ocrx_word' id='word_1_253' title='bbox 467 2693 589 2776; x_wconf 85' lang='lat' dir='ltr'><strong>debuit,</strong></span> <span class='ocrx_word' id='word_1_254' title='bbox 612 2694 682 2776; x_wconf 88' lang='lat' dir='ltr'><strong>fuit,</strong></span> <span class='ocrx_word' id='word_1_255' title='bbox 715 2704 748 2759; x_wconf 91' lang='lat' dir='ltr'><strong>et</strong></span> <span class='ocrx_word' id='word_1_256' title='bbox 770 2696 834 2758; x_wconf 89' lang='lat' dir='ltr'><strong>iam</strong></span> <span class='ocrx_word' id='word_1_257' title='bbox 859 2706 1043 2762; x_wconf 88' lang='lat' dir='ltr'><strong>commeatu</strong></span> <span class='ocrx_word' id='word_1_258' title='bbox 1074 2711 1202 2787; x_wconf 87' lang='lat' dir='ltr'><strong>sumpto</strong></span> 
     </span>
     <span class='ocr_line' id='line_1_31' title="bbox 67 2779 1203 2870; baseline 0.003 -22"><span class='ocrx_word' id='word_1_259' title='bbox 67 2783 236 2870; x_wconf 84' lang='lat' dir='ltr'><strong>profectus</strong></span> <span class='ocrx_word' id='word_1_260' title='bbox 250 2782 427 2867; x_wconf 88' lang='lat' dir='ltr'><strong>Verginius</strong></span> <span class='ocrx_word' id='word_1_261' title='bbox 448 2781 555 2866; x_wconf 91' lang='lat' dir='ltr'><strong>prima</strong></span> <span class='ocrx_word' id='word_1_262' title='bbox 568 2779 680 2861; x_wconf 77' lang='lat' dir='ltr'><strong>vigilia</strong></span> <span class='ocrx_word' id='word_1_263' title='bbox 695 2791 773 2858; x_wconf 88' lang='lat' dir='ltr'><strong>erat,</strong></span> <span class='ocrx_word' id='word_1_264' title='bbox 798 2804 872 2847; x_wconf 90' lang='lat' dir='ltr'><strong>cum</strong></span> <span class='ocrx_word' id='word_1_265' title='bbox 888 2794 1021 2867; x_wconf 91' lang='lat' dir='ltr'><strong>postero</strong></span> <span class='ocrx_word' id='word_1_266' title='bbox 1040 2784 1093 2849; x_wconf 89' lang='lat' dir='ltr'><strong>die</strong></span> <span class='ocrx_word' id='word_1_267' title='bbox 1109 2809 1203 2852; x_wconf 90' lang='lat' dir='ltr'><strong>mane</strong></span> 
     </span>
     <span class='ocr_line' id='line_1_32' title="bbox 69 2867 960 2953; baseline 0 -19"><span class='ocrx_word' id='word_1_268' title='bbox 69 2871 111 2936; x_wconf 89' lang='lat' dir='ltr'><strong>de</strong></span> <span class='ocrx_word' id='word_1_269' title='bbox 134 2869 307 2935; x_wconf 90' lang='lat' dir='ltr'><strong>retinendo</strong></span> <span class='ocrx_word' id='word_1_270' title='bbox 331 2889 370 2934; x_wconf 91' lang='lat' dir='ltr'><strong>eo</strong></span> <span class='ocrx_word' id='word_1_271' title='bbox 393 2868 593 2953; x_wconf 90' lang='lat' dir='ltr'><strong>nequiquam</strong></span> <span class='ocrx_word' id='word_1_272' title='bbox 616 2867 745 2931; x_wconf 86' lang='lat' dir='ltr'><strong>litterae</strong></span> <span class='ocrx_word' id='word_1_273' title='bbox 768 2869 960 2934; x_wconf 86' lang='lat' dir='ltr'><strong>redduntur.</strong></span> 
     </span>
    </p>

    <p class='ocr_par' dir='ltr' id='par_1_4' title="bbox 65 2953 1245 3904">
     <span class='ocr_line' id='line_1_33' title="bbox 173 2953 1235 3035; baseline -0.001 -16"><span class='ocrx_word' id='word_1_274' title='bbox 173 2953 315 3019; x_wconf 88' lang='lat' dir='ltr'>XLVII.</span> <span class='ocrx_word' id='word_1_275' title='bbox 339 2956 384 3017; x_wconf 85' lang='lat' dir='ltr'><strong>At</strong></span> <span class='ocrx_word' id='word_1_276' title='bbox 414 2955 447 3017; x_wconf 94' lang='lat' dir='ltr'><strong>in</strong></span> <span class='ocrx_word' id='word_1_277' title='bbox 478 2954 561 3017; x_wconf 91' lang='lat' dir='ltr'><strong>urbe</strong></span> <span class='ocrx_word' id='word_1_278' title='bbox 592 2954 698 3035; x_wconf 89' lang='lat' dir='ltr'><strong>prima</strong></span> <span class='ocrx_word' id='word_1_279' title='bbox 728 2953 801 3018; x_wconf 87' lang='lat' dir='ltr'><strong>luce</strong></span> <span class='ocrx_word' id='word_1_280' title='bbox 825 2978 896 3018; x_wconf 93' lang='lat' dir='ltr'><strong>cum</strong></span> <span class='ocrx_word' id='word_1_281' title='bbox 932 2957 1046 3020; x_wconf 88' lang='lat' dir='ltr'><strong>civitas</strong></span> <span class='ocrx_word' id='word_1_282' title='bbox 1069 2959 1102 3021; x_wconf 91' lang='lat' dir='ltr'><strong>in</strong></span> <span class='ocrx_word' id='word_1_283' title='bbox 1133 2957 1235 3023; x_wconf 83' lang='lat' dir='ltr'><strong>foro1</strong></span> 
     </span>
     <span class='ocr_line' id='line_1_34' title="bbox 68 3038 1203 3128; baseline -0.002 -20"><span class='ocrx_word' id='word_1_284' title='bbox 68 3042 301 3128; x_wconf 83' lang='lat' dir='ltr'><strong>expectatione</strong></span> <span class='ocrx_word' id='word_1_285' title='bbox 317 3050 428 3104; x_wconf 89' lang='lat' dir='ltr'><strong>erecta</strong></span> <span class='ocrx_word' id='word_1_286' title='bbox 450 3049 560 3114; x_wconf 86' lang='lat' dir='ltr'><strong>staret,</strong></span> <span class='ocrx_word' id='word_1_287' title='bbox 576 3038 751 3122; x_wconf 85' lang='lat' dir='ltr'><strong>Verginius</strong></span> <span class='ocrx_word' id='word_1_288' title='bbox 774 3041 960 3105; x_wconf 90' lang='lat' dir='ltr'><strong>sordidatus</strong></span> <span class='ocrx_word' id='word_1_289' title='bbox 976 3040 1076 3105; x_wconf 89' lang='lat' dir='ltr'><strong>filiam</strong></span> <span class='ocrx_word' id='word_1_290' title='bbox 1093 3065 1203 3106; x_wconf 91' lang='lat' dir='ltr'><strong>secum</strong></span> 
     </span>
     <span class='ocr_line' id='line_1_35' title="bbox 68 3124 1204 3213; baseline 0 -20"><span class='ocrx_word' id='word_1_291' title='bbox 68 3126 222 3193; x_wconf 85' lang='lat' dir='ltr'><strong>obsoleta</strong></span> <span class='ocrx_word' id='word_1_292' title='bbox 251 3136 344 3192; x_wconf 78' lang='lat' dir='ltr'><strong>veste</strong></span> <span class='ocrx_word' id='word_1_293' title='bbox 378 3124 605 3190; x_wconf 86' lang='lat' dir='ltr'><strong>comitantibus</strong></span> <span class='ocrx_word' id='word_1_294' title='bbox 637 3126 761 3212; x_wconf 90' lang='lat' dir='ltr'><strong>aliquot</strong></span> <span class='ocrx_word' id='word_1_295' title='bbox 790 3129 945 3192; x_wconf 89' lang='lat' dir='ltr'><strong>matronis</strong></span> <span class='ocrx_word' id='word_1_296' title='bbox 978 3150 1052 3192; x_wconf 90' lang='lat' dir='ltr'><strong>cum</strong></span> <span class='ocrx_word' id='word_1_297' title='bbox 1083 3130 1204 3213; x_wconf 88' lang='lat' dir='ltr'><strong>ingenti</strong></span> 
     </span>
     <span class='ocr_line' id='line_1_36' title="bbox 68 3210 1239 3300; baseline 0 -22"><span class='ocrx_word' id='word_1_298' title='bbox 68 3215 287 3280; x_wconf 89' lang='lat' dir='ltr'><strong>advocatione</strong></span> <span class='ocrx_word' id='word_1_299' title='bbox 317 3211 351 3276; x_wconf 93' lang='lat' dir='ltr'><strong>in</strong></span> <span class='ocrx_word' id='word_1_300' title='bbox 380 3212 489 3277; x_wconf 90' lang='lat' dir='ltr'><strong>forum</strong></span> <span class='ocrx_word' id='word_1_301' title='bbox 523 3210 664 3276; x_wconf 88' lang='lat' dir='ltr'><strong>deducit.</strong></span> <span class='ocrx_word' id='word_1_302' title='bbox 704 3214 873 3277; x_wconf 85' lang='lat' dir='ltr'><strong>circumire</strong></span> <span class='ocrx_word' id='word_1_303' title='bbox 906 3214 952 3277; x_wconf 91' lang='lat' dir='ltr'><strong>ibi</strong></span> <span class='ocrx_word' id='word_1_304' title='bbox 984 3224 1017 3278; x_wconf 91' lang='lat' dir='ltr'><strong>et</strong></span> <span class='ocrx_word' id='word_1_305' title='bbox 1047 3237 1239 3300; x_wconf 79' lang='lat' dir='ltr'><strong>prensarer</strong></span> 
     </span>
     <span class='ocr_line' id='line_1_37' title="bbox 66 3297 1203 3386; baseline 0.002 -22"><span class='ocrx_word' id='word_1_306' title='bbox 66 3300 217 3365; x_wconf 90' lang='lat' dir='ltr'><strong>homines</strong></span> <span class='ocrx_word' id='word_1_307' title='bbox 240 3299 349 3384; x_wconf 87' lang='lat' dir='ltr'><strong>coepit</strong></span> <span class='ocrx_word' id='word_1_308' title='bbox 380 3309 413 3363; x_wconf 87' lang='lat' dir='ltr'><strong>et</strong></span> <span class='ocrx_word' id='word_1_309' title='bbox 443 3320 508 3362; x_wconf 92' lang='lat' dir='ltr'><strong>non</strong></span> <span class='ocrx_word' id='word_1_310' title='bbox 539 3319 633 3362; x_wconf 91' lang='lat' dir='ltr'><strong>orare</strong></span> <span class='ocrx_word' id='word_1_311' title='bbox 656 3297 760 3363; x_wconf 91' lang='lat' dir='ltr'><strong>solum</strong></span> <span class='ocrx_word' id='word_1_312' title='bbox 792 3301 974 3384; x_wconf 87' lang='lat' dir='ltr'><strong>precariam</strong></span> <span class='ocrx_word' id='word_1_313' title='bbox 1007 3322 1112 3386; x_wconf 89' lang='lat' dir='ltr'><strong>opem,</strong></span> <span class='ocrx_word' id='word_1_314' title='bbox 1145 3303 1203 3366; x_wconf 92' lang='lat' dir='ltr'><strong>sed</strong></span> 
     </span>
     <span class='ocr_line' id='line_1_38' title="bbox 66 3383 1203 3473; baseline 0.003 -23"><span class='ocrx_word' id='word_1_315' title='bbox 66 3410 127 3473; x_wconf 91' lang='lat' dir='ltr'><strong>pro</strong></span> <span class='ocrx_word' id='word_1_316' title='bbox 147 3386 260 3452; x_wconf 89' lang='lat' dir='ltr'><strong>debita</strong></span> <span class='ocrx_word' id='word_1_317' title='bbox 274 3383 402 3471; x_wconf 88' lang='lat' dir='ltr'><strong>petere:</strong></span> <span class='ocrx_word' id='word_1_318' title='bbox 426 3407 461 3449; x_wconf 91' lang='lat' dir='ltr'><strong>se</strong></span> <span class='ocrx_word' id='word_1_319' title='bbox 484 3405 543 3468; x_wconf 92' lang='lat' dir='ltr'><strong>pro</strong></span> <span class='ocrx_word' id='word_1_320' title='bbox 560 3383 671 3448; x_wconf 91' lang='lat' dir='ltr'><strong>liberis</strong></span> <span class='ocrx_word' id='word_1_321' title='bbox 695 3406 808 3448; x_wconf 90' lang='lat' dir='ltr'><strong>eorum</strong></span> <span class='ocrx_word' id='word_1_322' title='bbox 823 3407 861 3449; x_wconf 90' lang='lat' dir='ltr'><strong>ac</strong></span> <span class='ocrx_word' id='word_1_323' title='bbox 878 3387 1068 3470; x_wconf 86' lang='lat' dir='ltr'><strong>coniugibus</strong></span> <span class='ocrx_word' id='word_1_324' title='bbox 1085 3389 1203 3453; x_wconf 91' lang='lat' dir='ltr'><strong>cotidie</strong></span> 
     </span>
     <span class='ocr_line' id='line_1_39' title="bbox 66 3469 1202 3554; baseline 0.002 -18"><span class='ocrx_word' id='word_1_325' title='bbox 66 3476 99 3536; x_wconf 92' lang='lat' dir='ltr'><strong>in</strong></span> <span class='ocrx_word' id='word_1_326' title='bbox 123 3474 195 3538; x_wconf 87' lang='lat' dir='ltr'><strong>acie</strong></span> <span class='ocrx_word' id='word_1_327' title='bbox 219 3480 317 3554; x_wconf 90' lang='lat' dir='ltr'><strong>stare,</strong></span> <span class='ocrx_word' id='word_1_328' title='bbox 348 3493 409 3535; x_wconf 87' lang='lat' dir='ltr'><strong>nec</strong></span> <span class='ocrx_word' id='word_1_329' title='bbox 442 3469 541 3534; x_wconf 89' lang='lat' dir='ltr'><strong>alium</strong></span> <span class='ocrx_word' id='word_1_330' title='bbox 564 3472 670 3534; x_wconf 90' lang='lat' dir='ltr'><strong>virum</strong></span> <span class='ocrx_word' id='word_1_331' title='bbox 694 3492 776 3549; x_wconf 89' lang='lat' dir='ltr'><strong>esse,</strong></span> <span class='ocrx_word' id='word_1_332' title='bbox 810 3470 900 3537; x_wconf 89' lang='lat' dir='ltr'><strong>ouius</strong></span> <span class='ocrx_word' id='word_1_333' title='bbox 924 3483 1054 3538; x_wconf 86' lang='lat' dir='ltr'><strong>strenue</strong></span> <span class='ocrx_word' id='word_1_334' title='bbox 1078 3495 1116 3537; x_wconf 98' lang='lat' dir='ltr'><strong>ac</strong></span> <span class='ocrx_word' id='word_1_335' title='bbox 1139 3474 1202 3539; x_wconf 85' lang='lat' dir='ltr'><strong>for·</strong></span> 
     </span>
     <span class='ocr_line' id='line_1_40' title="bbox 65 3555 1202 3645; baseline 0.002 -22"><span class='ocrx_word' id='word_1_336' title='bbox 65 3561 144 3626; x_wconf 89' lang='lat' dir='ltr'><strong>titer</strong></span> <span class='ocrx_word' id='word_1_337' title='bbox 165 3558 255 3645; x_wconf 75' lang='lat' dir='ltr'><strong>facta</strong></span> <span class='ocrx_word' id='word_1_338' title='bbox 277 3558 309 3620; x_wconf 90' lang='lat' dir='ltr'><strong>in</strong></span> <span class='ocrx_word' id='word_1_339' title='bbox 331 3555 417 3622; x_wconf 91' lang='lat' dir='ltr'><strong>bello</strong></span> <span class='ocrx_word' id='word_1_340' title='bbox 441 3556 537 3643; x_wconf 89' lang='lat' dir='ltr'><strong>plura</strong></span> <span class='ocrx_word' id='word_1_341' title='bbox 558 3558 731 3620; x_wconf 90' lang='lat' dir='ltr'><strong>memorari</strong></span> <span class='ocrx_word' id='word_1_342' title='bbox 754 3568 901 3642; x_wconf 89' lang='lat' dir='ltr'><strong>possent;</strong></span> <span class='ocrx_word' id='word_1_343' title='bbox 933 3560 1010 3644; x_wconf 92' lang='lat' dir='ltr'><strong>quid</strong></span> <span class='ocrx_word' id='word_1_344' title='bbox 1035 3561 1202 3645; x_wconf 91' lang='lat' dir='ltr'><strong>prodesse,</strong></span> 
     </span>
     <span class='ocr_line' id='line_1_41' title="bbox 66 3641 1203 3729; baseline 0.001 -19"><span class='ocrx_word' id='word_1_345' title='bbox 66 3645 93 3710; x_wconf 93' lang='lat' dir='ltr'><strong>si</strong></span> <span class='ocrx_word' id='word_1_346' title='bbox 116 3643 275 3710; x_wconf 87' lang='lat' dir='ltr'><strong>incolumi</strong></span> <span class='ocrx_word' id='word_1_347' title='bbox 297 3643 390 3723; x_wconf 88' lang='lat' dir='ltr'><strong>urbe,</strong></span> <span class='ocrx_word' id='word_1_348' title='bbox 426 3665 510 3728; x_wconf 89' lang='lat' dir='ltr'><strong>quae</strong></span> <span class='ocrx_word' id='word_1_349' title='bbox 534 3654 630 3729; x_wconf 88' lang='lat' dir='ltr'><strong>capta</strong></span> <span class='ocrx_word' id='word_1_350' title='bbox 652 3641 766 3707; x_wconf 91' lang='lat' dir='ltr'><strong>ultima</strong></span> <span class='ocrx_word' id='word_1_351' title='bbox 786 3645 971 3726; x_wconf 88' lang='lat' dir='ltr'><strong>timeantur,</strong></span> <span class='ocrx_word' id='word_1_352' title='bbox 1002 3645 1113 3710; x_wconf 91' lang='lat' dir='ltr'><strong>liberis</strong></span> <span class='ocrx_word' id='word_1_353' title='bbox 1136 3648 1203 3712; x_wconf 92' lang='lat' dir='ltr'><strong>suis</strong></span> 
     </span>
     <span class='ocr_line' id='line_1_42' title="bbox 65 3727 1237 3817; baseline -0.002 -21"><span class='ocrx_word' id='word_1_354' title='bbox 65 3733 129 3797; x_wconf 91' lang='lat' dir='ltr'><strong>sint</strong></span> <span class='ocrx_word' id='word_1_355' title='bbox 144 3727 324 3817; x_wconf 84' lang='lat' dir='ltr'><strong>patienda?</strong></span> <span class='ocrx_word' id='word_1_356' title='bbox 340 3729 420 3800; x_wconf 88' lang='lat' dir='ltr'><strong>baec</strong></span> <span class='ocrx_word' id='word_1_357' title='bbox 430 3751 533 3815; x_wconf 90' lang='lat' dir='ltr'><strong>prope</strong></span> <span class='ocrx_word' id='word_1_358' title='bbox 549 3728 829 3794; x_wconf 89' lang='lat' dir='ltr'><strong>contionabundus</strong></span> <span class='ocrx_word' id='word_1_359' title='bbox 843 3731 1034 3795; x_wconf 90' lang='lat' dir='ltr'><strong>circumibat</strong></span> <span class='ocrx_word' id='word_1_360' title='bbox 1045 3733 1201 3798; x_wconf 91' lang='lat' dir='ltr'><strong>homines.</strong></span> <span class='ocrx_word' id='word_1_361' title='bbox 1221 3747 1237 3794; x_wconf 81' lang='grc'>3</span> 
     </span>
     <span class='ocr_line' id='line_1_43' title="bbox 65 3814 1245 3904; baseline 0.001 -23"><span class='ocrx_word' id='word_1_362' title='bbox 65 3818 184 3884; x_wconf 87' lang='lat' dir='ltr'><strong>similia</strong></span> <span class='ocrx_word' id='word_1_363' title='bbox 205 3816 259 3881; x_wconf 89' lang='lat' dir='ltr'><strong>his</strong></span> <span class='ocrx_word' id='word_1_364' title='bbox 287 3815 328 3881; x_wconf 91' lang='lat' dir='ltr'><strong>ab</strong></span> <span class='ocrx_word' id='word_1_365' title='bbox 350 3815 442 3881; x_wconf 92' lang='lat' dir='ltr'><strong>Icilio</strong></span> <span class='ocrx_word' id='word_1_366' title='bbox 472 3814 688 3881; x_wconf 88' lang='lat' dir='ltr'><strong>iactabantur.</strong></span> <span class='ocrx_word' id='word_1_367' title='bbox 727 3818 906 3885; x_wconf 86' lang='lat' dir='ltr'><strong>comitatus</strong></span> <span class='ocrx_word' id='word_1_368' title='bbox 930 3817 1100 3884; x_wconf 88' lang='lat' dir='ltr'><strong>muliebris</strong></span> <span class='ocrx_word' id='word_1_369' title='bbox 1129 3819 1245 3904; x_wconf 69' lang='lat' dir='ltr'><strong>pluat</strong></span> 
     </span>
    </p>
   </div>
   <div class='ocr_carea' id='block_1_3' title="bbox 0 0 1374 4146">
    <p class='ocr_par' dir='ltr' id='par_1_5' title="bbox 0 0 1374 4146">
     <span class='ocr_line' id='line_1_44' title="bbox 0 0 1374 4146; baseline 0 2"><span class='ocrx_word' id='word_1_370' title='bbox 0 0 1374 4146; x_wconf 95' lang='lat' dir='ltr'><strong> </strong></span> 
     </span>
    </p>
   </div>
  </div>
 </body>
</html>
