2738 4146
89 91 150 150 226
369 108 478 159 urana
489 108 538 162 111.
558 106 633 159 cnr.
652 110 694 160 or.
712 113 754 160 aa.
774 105 807 174 [a.
826 106 859 158 u.
878 122 901 157 ο.
920 104 990 173 aoaJ.

103 293 118 344 1
241 276 315 342 LII.
355 278 421 344 Per
450 279 496 343 M.
530 277 700 361 Duillium,
739 279 795 366 qui
826 277 974 343 tribunus
1012 274 1121 362 plebis
1158 274 1279 353 fuerat,

142 362 264 429 certior
285 364 372 428 facta
394 364 489 451 plebs
513 365 774 430 contentionibus
797 364 941 428 adsiduis
968 360 1050 427 nihil
1073 361 1220 445 transigi,
1244 360 1286 446 in·

142 448 280 515 Sacrum
302 462 447 515 montem
470 473 513 516 ex
534 448 699 517 Aventino
722 451 838 515 transit
860 448 1054 513 adfirmante
1069 446 1195 511 Duillio
1210 467 1288 509 non¹

106 534 240 619 2prius,
265 557 363 622 quam
387 537 494 601 deseri
516 537 631 602 urbem
653 538 798 620 videant,
821 558 933 599 curam
955 536 989 598 in
1003 536 1129 599 animos
1144 541 1279 620 patrum

142 621 388 703 descensuram3
433 623 674 687 admoniturum
712 623 848 688 Sacrum
890 630 1036 686 montem
1074 619 1278 685 constantiae

140 704 260 793 plebis,
292 708 441 791 scituros,
480 731 578 795 quam
610 711 680 775 sine
717 710 867 773 restituta
901 716 1063 792 potestate
1100 704 1280 770 tribunicia

107 802 122 847 8
141 793 247 876 redigi
268 796 302 857 in
326 795 534 860 concordiam
556 816 609 861 res
630 804 803 882 nequeant.
826 795 880 860 via
898 793 1112 875 Nomentana,
1136 792 1190 855 cui
1203 799 1279 855 tum

99 893 104 912 “
141 878 309 943 Ficulensi
328 901 448 945 nomen
470 881 540 958 fuit,
572 882 711 965 profecti
734 890 842 946 castra
871 881 903 944 in
930 876 1165 944 montesacro
1188 876 1276 941 loca-

139 986 218 1029 vere
254 965 449 1030 modestiam
486 978 617 1053 patrum
654 988 787 1032 suorum
831 965 912 1029 nihil
953 963 1107 1051 violando
1143 963 1276 1027 imitati.

144 1059 256 1114 secuta
278 1053 457 1115 exercitum
482 1052 576 1137 plebs
596 1051 696 1136 nullo,
731 1052 787 1140 qui
819 1072 879 1137 per
909 1060 1051 1115 aetatem
1077 1050 1126 1115 ire
1148 1056 1275 1135 posset,

51 1182 57 1199 .
106 1146 348 1201 tretractante.
393 1148 636 1224 prosequuntur
668 1140 822 1222 coniuges
858 1136 1030 1223 liberique,
1068 1136 1198 1200 cuinam
1238 1156 1277 1199 se

141 1221 365 1308 relinquerent
386 1225 419 1287 in
442 1246 482 1288 ea
502 1224 594 1306 urbe,
617 1225 649 1289 in
672 1247 739 1312 qua
763 1245 826 1288 nec
857 1223 1015 1308 pudicitia
1044 1243 1107 1287 nec
1136 1219 1276 1285 libertas

141 1317 253 1372 sancta
275 1317 370 1390 esset,
395 1310 624 1376 miserabiliter
645 1312 836 1395 rogitantes.

104 1407 120 1454 o
245 1391 328 1459 Oum
348 1405 443 1460 vasta
464 1396 587 1461 Romae
610 1398 716 1461 omnia
738 1398 865 1460 insueta
891 1393 1032 1459 solitudo
1062 1392 1205 1472 fecisset,
1239 1391 1277 1455 in

140 1478 212 1544 foro
235 1491 368 1565 praeter
389 1504 511 1566 paucos
534 1484 696 1548 seniorum
717 1504 813 1547 nemo
837 1490 933 1560 esset,
955 1480 1080 1545 vocatis
1101 1479 1215 1564 utique
1239 1478 1275 1541 in

141 1575 288 1631 senatum
310 1567 460 1653 patribus
484 1568 650 1633 desertum
677 1570 884 1657 apparuisset
912 1566 1028 1647 forum,
1061 1564 1171 1649 plures
1203 1563 1275 1627 iam

104 1666 239 1737 aquam
272 1652 428 1717 Horatius
455 1675 494 1718 ac
524 1653 676 1719 Valerius
707 1652 984 1719 vociferabantur:
1018 1649 1116 1738 „quid
1150 1670 1274 1734 expec-

140 1736 260 1819 rabitis,
292 1750 403 1823 patres
435 1739 629 1826 conscripti?
671 1743 698 1804 si
735 1740 910 1805 decemviri
942 1737 1041 1802 finem
1072 1736 1275 1822 pertinaciae

139 1845 204 1887 non
226 1823 356 1906 faciunt,
379 1847 474 1890 ruere
496 1849 534 1890 ac
558 1825 740 1911 deflagrare
763 1825 870 1889 omnia
892 1825 1021 1909 passuri
1043 1822 1142 1887 estis?
1180 1822 1274 1908 quod

140 1918 249 1974 autem
270 1911 358 1974 istud
380 1912 553 1995 imperium
577 1923 637 1989 est,
661 1911 848 1994 decemviri,
865 1910 954 1993 quod
970 1909 1113 1994 amplexi
1129 1906 1275 1972 tenetis?

104 2012 119 2059 t
139 1996 235 2058 tectis
258 2017 297 2059 ac
320 1996 498 2080 parietibus
521 1999 593 2061 iura
616 1999 734 2062 dicturi
756 1997 857 2062 estis?
893 2018 958 2060 non
984 1995 1088 2081 pudet
1116 1990 1272 2058 lictorum

139 2090 324 2145 vestrorum
347 2082 504 2145 maiorem
526 2105 630 2171 prope
661 2091 833 2149 numerum
854 2084 887 2146 in
907 2082 978 2146 foro
1002 2081 1147 2165 conspici
1170 2101 1274 2165 quam

138 2175 324 2250 togatorum
355 2166 514 2234 aliorum?
559 2170 648 2256 quid,
686 2170 714 2233 si
744 2168 855 2233 hostes
893 2168 936 2232 ad
971 2168 1088 2232 urbem
1125 2166 1273 2251 veniant,

138 2251 256 2315 facturi
288 2252 387 2318 estis?
432 2255 523 2340 quid,
555 2259 581 2319 si
637 2254 708 2320 lebs
738 2277 825 2337 mox,
857 2253 916 2318 ubi
945 2275 1062 2338 parum
1084 2252 1272 2318 secessione

105 2352 338 2422 amoveamur,
361 2350 486 2404 armata
507 2280 639 2406 venisti
675 2363 834 2406 occasune
860 2339 950 2404 urbis
972 2337 1071 2404 vultis
1093 2336 1188 2402 finire
1209 2339 1272 2402 im·

138 2421 288 2511 perium?
332 2427 423 2511 atqui
457 2436 513 2491 aut
543 2426 638 2515 plebs
670 2450 737 2492 non
768 2436 819 2492 est
849 2425 1011 2507 habenda,
1046 2434 1102 2490 aut
1125 2422 1273 2488 habendi

139 2519 215 2574 sunt
236 2509 358 2584 tribuni
402 2511 495 2576 lebis.
518 2535 578 2578 nos
601 2513 694 2578 citius
717 2513 917 2578 caruerimus
939 2510 1083 2595 patriciis
1098 2511 1272 2594 magistra·

28 2641 31 2646 -
105 2613 120 2662 9
139 2595 226 2661 tibus
243 2619 340 2681 quam
356 2534 402 2661 illi
417 2597 554 2682 plebeis.
569 2621 687 2664 novam
702 2601 970 2685 inexpertamque
985 2618 1056 2661 eam
1070 2605 1271 2684 potestatem

140 2682 289 2764 eripuere
321 2682 469 2766 patribus
499 2687 628 2766 nostris,
659 2708 702 2749 ne
732 2707 818 2750 nunc
850 2683 1020 2748 dulcedine
1051 2681 1154 2748 semel
1181 2682 1270 2767 capti

137 2767 244 2831 ferant
267 2767 475 2851 desiderium,
498 2792 572 2834 cum
594 2774 787 2858 praesertim
808 2793 870 2836 nec
889 2792 949 2834 nos
964 2779 1183 2855 temperemus
1205 2767 1269 2831 im·

88 2875 121 2923 10
139 2853 247 2938 perfia,
282 2855 454 2939 quominus
484 2854 531 2919 illi
554 2856 666 2921 auxilii
698 2858 845 2944 egeant.“
885 2879 958 2921 cum
989 2854 1072 2920 haec
1104 2876 1146 2919 ex
1180 2855 1271 2917 omni

137 2947 231 3025 parte
267 2939 475 3023 laetarentur,
517 2943 596 3007 victi
633 2965 793 3009 consensu
836 2942 1014 3008 decemviri
1055 2939 1182 3005 futuros
1221 2963 1268 3022 se,

87 3044 118 3093 11
139 3024 269 3111 quando
301 3026 347 3089 ita
376 3027 538 3109 videatur,
575 3029 608 3093 in
644 3040 806 3114 potestate
842 3034 973 3115 patrum
1010 3026 1193 3090 adfirmant.
1233 3027 1270 3091 id

137 3110 236 3175 modo
259 3110 356 3175 simul
379 3122 473 3177 orant
494 3136 534 3178 ac
561 3125 702 3197 monent,
734 3125 771 3180 ut
792 3118 871 3202 ipsis
893 3113 934 3179 ab
957 3114 1079 3176 invidia
1101 3120 1268 3194 caveatur,

135 3219 198 3262 nec
220 3218 279 3261 suo
302 3200 459 3282 sanguine
481 3200 524 3263 ad
547 3200 707 3288 supplicia
728 3210 857 3285 patrum
878 3199 1009 3288 plebem
1033 3197 1267 3263 adsuefaciunt.

102 3305 115 3353 1
239 3283 330 3348 LIII.
353 3284 437 3349 Tum
453 3284 604 3351 Valerius
624 3287 845 3372 Horatiusque
867 3287 958 3350 missi
980 3285 1020 3348 ad
1044 3283 1174 3370 plebem
1191 3305 1267 3348 con·

136 3369 317 3433 dicionibus
348 3370 466 3457 quibus
498 3373 665 3438 videretur
701 3371 919 3437 revocandam
958 3370 1268 3458 componendasque

135 3477 189 3519 res
213 3455 407 3520 decemviris
432 3479 563 3545 quoque
585 3457 628 3523 ab
650 3459 699 3522 ira
730 3467 763 3523 et
788 3458 912 3544 impetu
933 3456 1149 3521 multitudinis
1170 3477 1265 3543 prae-

100 3560 251 3607 acavere
283 3541 447 3607 iubentur.
483 3544 621 3631 profecti
651 3544 770 3628 gaudio
802 3543 926 3627 ingenti
956 3543 1062 3631 plebis
1092 3544 1123 3606 in
1159 3550 1267 3606 castra

135 3629 348 3712 accipiuntur,
383 3630 503 3717 quippe
534 3629 726 3696 liberatores
758 3629 847 3694 haud
870 3631 967 3694 dubie
990 3638 1023 3694 et
1044 3640 1151 3693 motus
1174 3628 1265 3692 initio

99 3721 168 3782 aet
190 3714 280 3778 exitu
302 3713 360 3779 rei.
384 3713 426 3778 ob
450 3716 532 3780 haec
553 3715 592 3780 iis
614 3715 861 3781 advenientibus
884 3718 1007 3801 gratiae
1030 3724 1133 3779 actae.
1153 3714 1264 3779 Icilius

129 3820 193 3884 pro
217 3798 423 3865 multitudine
455 3801 559 3867 verba
588 3801 674 3873 fauit
706 3801 806 3868 idem.
835 3824 910 3868 cum
942 3802 984 3866 de
1015 3800 1263 3867 condicionibus
