2738 4146
1259 108 1321 169 265

216 295 315 344 etiam
367 289 701 351 Fabri-Heerwagen
841 302 903 351 que
925 283 1154 355 probantibus]
1182 293 1209 340 et
1235 289 1321 354 ignari

216 379 298 429 Edit.
308 394 333 442 p.
344 374 405 444 276]
414 380 518 440 praeter
531 389 610 440 quam
618 388 703 437 nuper
840 372 873 422 ab
892 372 1010 422 locorum
1027 376 1122 438 gnaris.

221 480 293 516 oram
310 463 357 512 illi.
754 459 806 525 31„
826 474 886 508 cum
915 459 954 508 Ti.
985 459 1138 525 Sempronio
1174 460 1320 526 Ruperti,

131 557 197 620 10]]
216 550 297 602 effuso
328 564 406 599 cursu
432 547 453 598 1.
479 547 513 595 H.
536 546 632 608 Voss,
664 543 701 593 cf.
840 546 893 595 cui
912 546 1321 612 adsentiunturLuchsAE,

218 635 390 686 Woelfflin
408 627 699 697 Liv.Kritilr,p.16]
838 632 860 680 Ι.
903 631 1054 696 Mueller,
1101 633 1240 697 Frigell,
1284 633 1321 684 of.

221 724 302 775 effuso
323 719 431 788 [rursus]
452 736 539 770 cursu.
840 717 977 784 Proleg,
995 734 1020 783 p.
1038 716 1083 786 43]
1097 735 1156 768 cum
1175 715 1227 787 [iis]
1247 717 1320 768 Sem·

135 814 186 877 17„
216 809 330 874 virgulta
357 807 416 856 risa
450 807 542 856 ardere
570 804 703 868 Madvig
839 805 939 868 pronio.

217 893 348 944 Emend.
384 893 461 956 Lim,
495 908 520 956 p.
561 893 622 955 294,
665 891 701 941 cf·
755 890 818 953 33„2
841 889 876 938 ad
893 891 1071 955 interregnum
1088 907 1131 942 res
1147 889 1320 942 rediitEdit.

216 975 703 1045 FrigellProleg.,p.81]rirgnlta
840 984 911 1040 ret,
929 975 966 1027 ci.
985 977 1113 1042 Frigell
1139 976 1277 1056 Proleg,
1294 992 1320 1042 p.

219 1067 319 1118 ardere.
840 1061 884 1131 45]
903 1079 945 1113 res
963 1064 998 1114 ad
1014 1065 1192 1129 interregnum
1209 1062 1295 1112 rediit.

80 1160 83 1163 ’
132 1158 182 1220 20„
216 1154 293 1202 litore
315 1149 445 1214 Madvig
466 1149 611 1199 Luchsio
634 1148 703 1198 Rie·
755 1150 809 1213 34„
839 1149 935 1214 vulgus
973 1150 1107 1200 extrahere
1147 1148 1214 1200 eod.
1250 1145 1319 1214 rec]

216 1251 402 1301 mannoqne
423 1234 650 1300 probantibus]
675 1235 704 1281 in
840 1234 934 1299 volgus
953 1234 997 1302 [et]
1018 1236 1160 1285 extrahere.
1194 1293 1195 1296 Ἴ

217 1325 301 1375 litore.
756 1321 818 1385 34„,
839 1336 898 1370 cum
913 1323 1023 1372 vitiosus
1032 1321 1179 1372 A.Luohs
1190 1317 1320 1370 Emend.

133 1416 198 1479 22„
223 1414 329 1476 peracta
353 1408 447 1459 eodem
474 1407 565 1457 ordine
592 1406 702 1456 Luter-
841 1407 908 1456 Lir.
926 1408 961 1471 II,
979 1406 1005 1476 b]
1024 1413 1053 1457 ut
1070 1409 1189 1457 vitiosus.

215 1495 345 1558 bacher,
381 1493 418 1544 of.
445 1492 618 1543 Woelfflin
644 1492 702 1556 Ap·
756 1492 808 1557 36„
843 1493 937 1556 peditis
1009 1497 1160 1558 aequarent,
1214 1491 1321 1558 quidam

214 1582 317 1647 pand..
335 1598 361 1647 p.
380 1578 424 1649 99]
449 1585 510 1630 acta
526 1595 573 1645 per
590 1579 703 1630 eundem
841 1584 961 1629 auctores
988 1583 1051 1629 sunt
1075 1575 1320 1645 Weissenborn]

216 1669 341 1718 ordinem.
840 1665 935 1729 peditis
967 1669 1112 1730 aequarent
1148 1663 1258 1731 [septem
1296 1667 1322 1713 et

132 1758 181 1821 ⁸23„
212 1756 287 1805 Haec
313 1757 342 1802 in
369 1752 499 1816 Hispania
525 1751 641 1802 secunda
667 1752 701 1802 H.
841 1752 975 1815 octoginta
1006 1749 1080 1800 milia
1106 1755 1265 1800 armatorum
1295 1754 1322 1799 et

215 1844 247 1890 A.
277 1837 378 1907 Koch]
408 1838 485 1888 Haeo
512 1838 541 1888 in
570 1839 702 1903 Hispania
840 1837 965 1887 ducentos
999 1838 1028 1886 in
1061 1837 1153 1886 castris
1186 1835 1321 1899 Romanis,

219 1923 344 1994 [quoque]
363 1923 488 1974 secunda.
839 1940 899 1974 cum
916 1929 1061 1988 pugnatum
1081 1922 1115 1972 arl
1134 1921 1240 1972 Cannas
1263 1920 1320 1990 est]

133 2017 188 2079 24„
209 2013 271 2076 quia
289 2018 363 2060 tanta
373 2011 506 2075 paucitate
523 2038 555 2047 -
567 2026 629 2061 nam
640 2027 701 2076 pars
839 2011 946 2075 quidam
965 2016 1085 2061 auctores
1104 2015 1172 2060 sunt.

220 2098 348 2147 exercitus
377 2096 519 2147 aberat-
536 2098 580 2147 vix
607 2105 701 2161 castra,
753 2098 806 2162 36„
837 2096 959 2146 Caeretes
986 2112 1068 2163 aquas
1094 2098 1123 2145 in
1141 2097 1212 2145 fonte
1234 2095 1319 2145 calido

220 2184 242 2233 si
256 2187 479 2248 oppugnarentur,
497 2185 576 2233 tutari
588 2190 700 2249 poterat;
838 2182 1068 2245 Luterbacher,
1083 2182 1120 2232 cf.
1132 2182 1319 2246 Prodigien·

216 2270 322 2334 iamque
350 2270 451 2320 artibus
472 2270 558 2335 Fabii,
585 2272 700 2322 sedendo
839 2268 965 2332 glaube,
1000 2284 1025 2332 p.
1057 2267 1099 2336 15]
1124 2267 1207 2317 (laere
1235 2281 1318 2333 aquas

216 2354 401 2420 Woelfflin,
416 2356 448 2406 cf.
460 2356 610 2423 Append,
619 2374 644 2422 p.
658 2357 700 2427 99]
841 2356 868 2403 in
886 2355 958 2403 fonte
976 2354 1070 2403 calido.

218 2441 281 2505 quia
298 2445 372 2491 tanta
388 2443 522 2507 paucitate
539 2444 584 2492 vix
608 2449 702 2508 castra,
754 2443 818 2507 37„,
836 2440 870 2491 ad
884 2441 1075 2505 quinquaginta
1090 2441 1198 2490 narium
1210 2439 1318 2490 Luter-

216 2527 239 2576 si
252 2533 472 2591 oppugnarentur,
491 2530 572 2578 tutari
587 2535 701 2594 poterat3
839 2527 969 2591 bacher,
999 2526 1035 2577 cf.
1067 2527 1134 2575 Liv.
1153 2526 1225 2590 XXI,
1252 2530 1306 2594 m„

216 2613 322 2678 iamque
332 2613 432 2663 artibus
442 2614 509 2664 Fabi
540 2612 611 2682 [pars
630 2631 701 2666 exer·
839 2613 874 2663 ad
891 2610 933 2644 Η
950 2612 1065 2662 narium.

218 2700 285 2749 citus
299 2698 392 2750 aberat
409 2701 463 2750 iam
478 2699 556 2768 fame]
575 2701 700 2752 sedendo.
754 2701 807 2765 38„
837 2705 863 2750 et
879 2700 926 2749 ubi
944 2701 1130 2750 convenissent
1153 2701 1184 2750 Δ.
1202 2700 1317 2772 Luchs]

128 2785 181 2852 25,
215 2785 266 2834 hoc
300 2789 415 2850 tempore
451 2791 572 2850 praetore
608 2788 642 2837 H
679 2789 699 2837 l.
839 2791 865 2836 et
876 2787 922 2836 ubi
938 2786 973 2836 ad
985 2787 1149 2836 decuriatum
1168 2792 1214 2837 aut
1231 2794 1316 2838 centu·

212 2869 350 2920 Mueller
377 2870 539 2934 probante
566 2872 700 2924 Woelff-
837 2873 933 2923 riatum
952 2874 1143 2923 convenissent.

212 2954 307 3023 linio]
335 2956 386 3006 boc
407 2961 525 3021 tempore
543 2955 698 3029 [provincia]
751 2961 815 3026 39„,
833 2973 930 3008 vanam
948 2958 1060 3023 gloriam
1079 2958 1262 3023 Woelfflin,
1282 2961 1316 3012 ef.

216 3046 345 3107 praetore.
836 3043 984 3109 Append,
1002 3060 1027 3108 p.
1041 3042 1100 3110 100]
1120 3042 1238 3109 gloriam.

126 3129 179 3194 30„
209 3128 281 3192 quod
301 3127 460 3177 exercitibus
477 3128 697 3194 Frigell.Pro·
749 3132 800 3196 44„
833 3136 992 3194 sequentes,
1046 3135 1075 3179 nt
1126 3136 1234 3182 ventum
1289 3131 1317 3184 0.

212 3213 280 3278 leg,
321 3230 347 3278 p.
376 3213 420 3283 42]
454 3212 545 3284 [quod]
580 3219 697 3269 exerciti·
836 3214 983 3283 Schenkl]
1016 3223 1156 3282 sequentes
1187 3218 1316 3285 Poenum,

210 3299 320 3364 busque.
834 3309 863 3351 ut
880 3308 996 3351 ventum.
1337 3311 1341 3320 “

123 3386 177 3450 30,
208 3384 312 3435 demum
345 3386 442 3436 sentire
473 3387 542 3438 cod.
572 3389 694 3461 omnes]
746 3390 799 3455 46„
830 3387 1044 3438 abtumnltuario
1055 3389 1151 3440 vexillo
1163 3389 1315 3442 &Hacht

209 3470 314 3520 demum
331 3471 360 3521 hi
378 3473 481 3523 sentire.
833 3488 924 3523 mann
945 3473 1083 3539 Symbol.
1108 3477 1176 3525 crit.
1195 3492 1219 3541 p.
1237 3479 1261 3539 2,
1280 3478 1315 3528 cf.

122 3556 186 3622 30„,
211 3555 440 3623 Hannibalemque
491 3559 522 3610 A.
575 3561 691 3631 Luchs]
830 3560 864 3609 Η.
899 3561 921 3609 I·
956 3561 1095 3610 Mueller
1129 3560 1313 3613 Jahresber·

207 3642 386 3692 Hannibalem
405 3660 518 3710 qnoque.
832 3647 891 3698 des
922 3650 1205 3714 philologischen
1235 3652 1312 3703 Ver·

121 3727 175 3793 31„
206 3728 275 3777 etab
286 3729 402 3778 locorum
422 3732 691 3795 gnarisignariGro-
834 3717 927 3768 ⁰5¹²0⁸
954 3719 1311 3786 ¹835ll·125l¹²bl¹¹¹¹lul·

206 3813 324 3862 noving
347 3814 510 3880 Madngqo
533 3816 691 3870 [ΝΜΟ.
716 3860 719 3876 ,
832 3788 918 3836 tnario
938 3789 1051 3836 auxilio,
