2738 4146
524 954 878 1064 PRAEFATIO.

653 1177 756 1184 --—

219 1307 247 1371 Α
263 1305 444 1393 bibliopola
458 1307 684 1372 honestissimo
701 1309 877 1372 identidem
894 1311 1063 1386 excitatus,
1084 1319 1120 1373 ut
1135 1311 1293 1372 minorem

119 1415 247 1479 quoque
270 1394 306 1456 Τ.
331 1394 416 1456 Livii
451 1393 625 1456 editionem
658 1393 842 1457 scholarum
873 1395 905 1456 in
929 1417 1022 1457 usum
1045 1417 1205 1480 pararem,
1229 1395 1291 1458 hoc

117 1501 232 1541 munus
256 1490 288 1542 et
310 1478 380 1542 aliis
413 1481 496 1542 curis
521 1479 687 1542 districtus
721 1488 754 1542 et
782 1479 870 1542 haud
901 1481 1032 1562 ignarus
1065 1479 1309 1543 difficultatum⁴

116 1586 179 1626 uon
205 1566 273 1626 sine
301 1565 504 1627 cunctatione
536 1567 679 1648 suscepi3
713 1564 770 1628 sed
804 1586 874 1627 cum
910 1566 1040 1628 tandem
1065 1567 1290 1649 suscepissem,

116 1672 242 1712 summa
266 1648 429 1732 diligentia
451 1649 598 1712 adhibita
622 1649 821 1734 consilioque
846 1651 1025 1734 peritorum
1047 1652 1190 1715 virorum
1214 1672 1290 1714 usus

115 1735 148 1795 id
177 1757 273 1818 agere
301 1735 481 1816 studebam,
506 1744 540 1798 ut
564 1735 626 1798 hac
650 1735 791 1799 editione
821 1747 853 1798 et
882 1737 974 1800 novis
1004 1734 1065 1798 illis
1095 1737 1289 1818 praeceptis,¹

117 1843 200 1904 quae
224 1823 399 1904 gymnasiis
416 1821 596 1883 Austriacis
619 1842 701 1884 anno
725 1819 893 1884 millesimo
918 1821 1182 1903 octingentesimo
1207 1830 1290 1884 octo·

29 1906 32 1911 ’
115 1907 237 1987 gesimo
263 1916 377 1990 quarto
413 1906 489 1968 data
519 1908 622 1982 sunt,¹
654 1929 750 1990 quam
783 1907 923 1970 maxime
956 1905 1176 1970 satisfacerem
1204 1907 1290 1969 etin

114 2000 206 2054 textu
229 1991 429 2055 recensendo
454 1993 560 2054 onmia
583 2014 621 2055 ea
641 1993 849 2074 respicerem,
868 1991 985 2076 quibus
1001 2015 1053 2055 res
1070 1992 1180 2054 critica
1193 1991 1225 2052 in
1240 1991 1290 2052 his

114 2075 150 2137 T.
175 2077 258 2139 Livii
282 2077 372 2139 libris
396 2087 484 2140 tanto
509 2098 606 2161 opere
631 2079 719 2139 annis
742 2079 898 2161 proximis
922 2086 1072 2160 promota
1094 2085 1151 2140 est.
1174 2076 1290 2161 Itaque

114 2160 226 2242 libros,
261 2163 369 2245 quiin
396 2164 578 2247 praeceptis
601 2162 664 2226 illis
687 2164 845 2227 iuventuti
868 2164 1031 2226 studiosae
1053 2162 1095 2225 ad
1117 2160 1289 2244 legendum

113 2249 145 2308 in
178 2249 288 2329 primis
321 2248 597 2327 commendantur,
645 2248 787 2331 integros
819 2247 897 2327 fere,
938 2249 1063 2311 omissis
1094 2248 1132 2309 iis
1166 2256 1288 2309 tantum

114 2332 222 2411 rebus,
258 2355 340 2417 quae
363 2335 566 2396 reverentiae
589 2335 699 2418 pueris
729 2333 858 2397 debitae
885 2341 1075 2417 repugnant,
1110 2332 1220 2415 recepi
1252 2337 1310 2395 ao‘

115 2417 233 2481 deinde
265 2428 374 2501 partes
405 2418 477 2480 illas
511 2418 646 2482 selectas
680 2441 721 2481 ex
744 2417 813 2481 aliis
844 2417 934 2482 libris
959 2419 1103 2498 adiunxi,
1139 2439 1222 2502 quae
1246 2416 1289 2478 ad

137 2505 322 2566 atriciorum
353 2502 524 2586 plebisque
559 2505 735 2567 certamina
769 2503 963 2588 pertinent²
995 2503 1064 2565 Iam
1099 2525 1177 2566 vero
1216 2524 1288 2564 cum

113 2527 195 2652 libro
220 2588 321 2651 altero
345 2597 394 2652 tot
417 2591 484 2652 eius
509 2611 640 2674 quoque
664 2589 792 2673 generis
814 2611 867 2652 res
891 2590 1115 2675 contineantur
1138 2596 1202 2651 tam
1220 2595 1289 2649 arte

114 2675 275 2738 interdum
298 2675 381 2737 inter
406 2696 440 2737 se
465 2697 619 2756 conexae,
643 2676 757 2740 utrix
780 2670 903 2757 seiungi
925 2675 1059 2758 possint,
1084 2673 1170 2735 hunc
1193 2673 1290 2734 etiam

113 2757 231 2822 librum
254 2761 415 2841 integrum
438 2763 605 2845 proposui,
640 2759 800 2824 nonnullis
833 2769 1002 2844 praeterea
1024 2757 1290 2843 praeceptoribus

114 2845 146 2905 id
179 2846 398 2925 suadentibus,
431 2868 472 2909 ne
495 2868 648 2930 umquam
682 2847 817 2909 materia
849 2844 1015 2929 discipulis
1038 2842 1134 2928 plura
1154 2843 1291 2906 fortasse

115 2930 201 2991 domi
231 2929 414 3012 legentibus
448 2930 595 2994 deesset³
627 2931 679 2994 vel
702 2935 841 2996 varietas
870 2930 1015 2994 delectus
1049 2949 1288 3012 nonnumquam

113 3036 216 3097 paene
238 3018 424 3078 necessaria
446 3016 669 3100 impediretur.

221 3253 229 3285 ¹
249 3251 286 3301 Of.
307 3254 515 3312 ,instructionen
533 3255 574 3302 fiir
592 3255 643 3303 deu
661 3255 810 3304 Unterricht
836 3270 870 3304 an
888 3254 938 3303 den
958 3253 1117 3317 Gymnasien
1141 3254 1168 3300 in
1187 3249 1290 3300 Oester·

118 3337 215 3386 reich“.
233 3338 311 3386 Wien
332 3340 405 3387 1884.

221 3418 230 3451 ²
250 3421 288 3471 cf.
307 3423 500 3472 instructionen
517 3423 534 3473 1.
553 3441 584 3487 c.,
603 3440 628 3488 p.
654 3427 684 3474 12
706 3425 824 3485 ,Liviusz
843 3439 933 3474 ausser
951 3423 1009 3472 dem
1029 3424 1052 3471 1.
1070 3420 1160 3470 Buche
1179 3418 1228 3468 soll
1247 3417 1296 3466 das

117 3507 158 3554 21.
177 3506 239 3554 oder
257 3510 296 3556 22.
317 3508 380 3556 oder
395 3509 515 3572 wichtige
528 3510 634 3558 Partien
647 3525 694 3559 aus
707 3509 758 3559 den
772 3510 901 3573 Kampfen
914 3509 959 3557 der
970 3507 1097 3557 Patricier
1109 3505 1162 3554 und
1174 3501 1297 3566 Plebejer

116 3590 220 3652 gelesen
243 3593 375 3655 werden“;
403 3609 427 3657 p.
447 3595 492 3643 75:
514 3595 675 3651 ,Boseuders
694 3594 870 3659 ompfiehlt-es
889 3595 952 3656 sich,
977 3608 1067 3643 ausser
1085 3591 1146 3640 dem
1164 3593 1190 3638 t.
1205 3587 1303 3634 Buche

116 3675 163 3723 das
182 3678 221 3724 21.
253 3676 317 3724 oder
338 3679 378 3726 22.
410 3694 442 3726 zu
469 3678 542 3727 lesen
571 3680 634 3729 oder
659 3681 708 3730 mit
731 3681 864 3730 besseren
888 3679 1010 3728 (inesses
1034 3679 1105 3723 skatt
1134 3674 1215 3716 §mes
1237 3663 1345 3748 dmm&

116 3758 236 3809 letateren
258 3762 299 3810 die
318 3762 367 3812 den
388 3764 663 3836 Versassungslrampi
681 3769 871 3821 stabulenses
883 3765 1006 3816 Partxen
1024 3759 1078 3806 ben
1095 3729 1333 3801 erescebat-bs
1354 3750 1363 3762 “

209 3845 221 3878 ³
239 3845 278 3895 Cf.
298 3850 378 3900 etiam
400 3869 472 3919 quae
492 3856 665 3926 Petschenig
686 3859 759 3910 dixit
774 3857 884 3908 Horat.
902 3865 994 3902 carm.
1012 3841 1068 3890 snb·
1083 3829 1176 3896 ΨἾ·
