2738 4146
86 114 147 171 218
329 125 437 176 arnas
454 126 502 178 111.
521 126 597 176 cnr.
615 127 657 176 41.
675 127 716 175 42.
738 126 780 176 43.
800 123 834 192 [a.
851 124 885 176 u.
904 139 928 177 a
945 125 1016 194 aosJ.

136 297 253 380 11111111,
277 298 445 382 egregium
468 295 546 362 olim
570 298 659 361 domi
681 296 890 383 militiaeque,
924 295 1165 361 decemviratus
1200 316 1267 360 con·

136 382 297 470 legaeqne
318 394 365 447 1ta
387 393 603 465 mutaverant,
634 393 672 447 ut
692 381 793 470 Appii
840 404 915 446 uam
948 382 1000 447 sui
1020 381 1136 447 similis
1158 380 1269 446 mallet

137 492 219 534 esse.
258 468 334 533 huic
365 468 487 534 bellum
518 471 550 533 in
579 469 718 552 Sabinis,
742 469 795 533 Μ’.
855 466 984 532 abuleio
1009 477 1043 533 et
1065 466 1107 546 Q.
1131 467 1269 532 Poetilio

86 561 119 609 10
136 555 255 624 additis
271 555 424 640 conlegis,
449 555 646 619 mandatum.
670 557 715 620 M.
732 554 904 622 Cornelius
926 556 960 619 in
975 551 1135 639 Algidum
1151 556 1269 619 missus

137 663 209 704 cum
232 641 270 705 L.
294 641 437 706 Minucio
460 651 493 706 ct
515 643 552 706 T.
576 641 717 706 Antonio
742 652 775 706 et
796 641 838 705 K.
863 640 989 705 Duillio
1012 649 1047 705 et
1068 639 1115 704 M.
1145 639 1270 725 Sergio.

136 726 193 813 Sp.
226 727 373 814 Oppium
407 727 471 814 Ap.
504 727 643 794 Claudio
675 729 858 793 adiutorem
890 727 933 792 ad
964 726 1081 792 urbem
1115 726 1269 791 tuendam

136 834 241 900 aequo
265 815 407 878 omnium
433 815 693 879 decemvirorum
716 815 853 901 imperio
878 813 1069 878 decernunt

102 906 116 954 1
237 899 345 963 XLII.
368 899 477 964 Nihilo
501 899 635 965 militiae
669 922 766 987 quam
799 901 886 964 domi
917 896 1034 964 melius
1062 896 1272 983 respublica

99 985 361 1050 ssadministrata
383 996 441 1051 est.
464 985 520 1049 illa
541 986 640 1052 modo
662 987 695 1050 in
719 987 857 1050 ducibus
880 984 988 1071 culpa,
1012 983 1111 1072 quod,
1134 995 1173 1049 ut
1194 984 1270 1048 odio

137 1082 246 1136 essent
268 1072 403 1149 civibus,
425 1072 584 1154 fecerant3
609 1071 672 1136 alia
695 1073 800 1137 omnis
816 1094 917 1158 penes
933 1069 1054 1135 milites
1069 1069 1172 1135 noxia
1192 1078 1270 1149 erat,

137 1158 202 1244 qui,
225 1179 268 1222 ne
291 1158 370 1244 quid
394 1157 494 1222 ductu
517 1170 614 1244 atque
638 1159 783 1242 auspicio
818 1157 1077 1222 decemvirorum
1110 1176 1272 1242 prospere

137 1266 273 1328 usquam
297 1253 477 1327 gereretur,
500 1246 588 1309 vinci
610 1266 646 1309 se
668 1268 728 1330 per
750 1265 844 1308 suum
864 1253 965 1330 atque
979 1241 1110 1307 illorum
1128 1241 1272 1306 dedecus

102 1340 118 1388 s
137 1330 354 1414 patiebantur.
378 1329 441 1394 fusi
465 1339 498 1393 et
520 1331 561 1395 ab
585 1329 715 1395 Sabinis
747 1332 789 1394 ad
811 1330 949 1394 Eretum
972 1338 1004 1393 et
1025 1329 1060 1392 in
1081 1327 1206 1412 Algido
1230 1327 1271 1391 ab

137 1414 263 1501 Aequis
287 1417 450 1480 exercitus
474 1426 574 1480 erant.
599 1417 640 1482 ab
662 1417 764 1481 Ereto
787 1438 848 1502 per
869 1415 1034 1480 silentium
1064 1416 1172 1479 noctis
1219 1435 1270 1478 ro·

136 1499 205 1584 fugi
238 1503 372 1586 propius
402 1503 518 1566 urbem
550 1504 635 1567 inter
665 1503 806 1567 Fidenas
839 1499 1165 1584 Crustumeriamque
1195 1436 1272 1564 loco

100 1599 118 1647 4
138 1587 226 1651 edito
250 1596 357 1650 castra
379 1589 648 1670 communierant;
671 1589 851 1675 persecutis
872 1587 1024 1669 hostibus
1051 1607 1214 1672 nusquam
1237 1607 1273 1649 se

137 1694 242 1759 aequo
275 1676 442 1738 certamini
482 1677 719 1740 committentes
752 1684 869 1739 natura
900 1674 963 1738 loci
1000 1694 1038 1736 ac
1075 1672 1180 1754 vallo,
1207 1693 1274 1735 non

23 1779 25 1784 ’
102 1759 257 1824 svirtute
294 1770 350 1824 aut
386 1761 483 1824 armis
514 1761 713 1826 tutabantur.
751 1763 855 1825 maius
886 1759 1045 1844 flagitium
1076 1759 1111 1822 in
1140 1756 1274 1842 Algido,

137 1846 242 1909 maior
265 1848 361 1909 etiam
386 1845 496 1911 clades
529 1857 677 1932 accepta3
711 1860 818 1912 castra
852 1866 983 1932 quoque
1016 1845 1137 1909 amissa
1169 1852 1274 1924 erant,

138 1942 320 2017 exutusque
359 1932 508 1996 omnibus
545 1933 736 1997 utensilibus
773 1932 867 1997 miles
904 1930 1083 1996 Tusculum
1123 1952 1170 2009 se,
1208 1929 1275 1994 fide

137 2018 426 2102 misericordiaque
447 2019 594 2083 victurus
616 2019 792 2103 hospitum,
826 2039 910 2103 quae
940 2027 1050 2081 tamen
1081 2037 1148 2081 non
1179 2014 1273 2080 fefel-

102 2101 253 2175 olerunt,
280 2102 475 2167 *contulerat
512 2104 649 2168 Romam
680 2107 762 2168 tanti
793 2114 886 2169 erant
922 2114 1062 2167 terrores
1093 2099 1196 2184 allati,
1236 2112 1275 2166 ut

12 2196 15 2202 '
138 2189 243 2273 posito
267 2187 331 2252 iam
356 2188 565 2254 decemvirali
588 2190 662 2255 odio
686 2201 795 2277 patres
810 2189 937 2275 vigilias
952 2191 984 2253 in
1001 2188 1084 2252 urbe
1101 2186 1277 2252 habendas

43 2298 46 2303 ·
75 2303 77 2308 ’
138 2284 318 2358 censerent,
357 2296 481 2353 omnes,
521 2276 576 2363 qui
606 2299 667 2363 per
699 2287 837 2342 aetatem
871 2299 962 2339 arma
997 2275 1085 2338 ferre
1124 2285 1274 2359 possent,

138 2361 301 2425 custodire
333 2362 463 2425 moenia
494 2384 532 2426 ac
563 2385 622 2449 pro
655 2365 758 2450 portis
791 2364 947 2427 stationes
979 2383 1077 2444 agere
1110 2358 1277 2439 iuberent,

104 2464 119 2512 7
137 2469 228 2512 arma
242 2447 420 2512 Tusculum
437 2470 476 2512 ac
491 2449 754 2534 supplementum
771 2450 985 2513 decernerent
1000 2447 1277 2532 decemvirosque

138 2533 179 2596 ab
203 2556 278 2597 arce
300 2532 435 2598 Tusculi
458 2535 621 2619 digressos
652 2537 684 2599 in
708 2537 823 2599 castris
846 2535 982 2598 militem
1000 2532 1140 2613 habere3
1164 2543 1277 2596 castra

137 2618 201 2684 alia
223 2642 242 2682 a
264 2620 398 2683 Fidenis
420 2621 454 2683 in
477 2619 632 2685 Sabinum
655 2644 770 2706 agrum
802 2621 970 2685 transferri
1002 2617 1156 2704 belloque
1187 2617 1277 2684 ultro

138 2703 314 2770 inferendo
333 2706 490 2770 deterreri
512 2706 623 2772 hostes
646 2730 665 2770 a
689 2706 822 2771 consilio
844 2707 936 2771 urbis
960 2704 1215 2791 oppugnandae.

103 2807 117 2852 1
239 2791 364 2854 XLIII.
389 2791 440 2854 Ad
466 2791 575 2857 clades
599 2793 640 2857 ab
663 2793 812 2857 hostibus
847 2801 1000 2877 acceptas
1035 2792 1099 2854 duo
1131 2789 1278 2853 nefanda

101 2877 284 2940 afacinora
308 2878 485 2943 decemviri
515 2876 604 2942 bellis
627 2880 780 2965 domique
811 2880 964 2942 adiciunt.
1002 2877 1042 2941 L.
1067 2876 1213 2940 Siccium
1243 2876 1278 2939 in

138 2963 280 3044 Sabinis,
304 2986 364 3048 per
385 2964 543 3029 invidiam
567 2965 819 3030 decemviralem
835 2964 1038 3029 tribunorum
1055 2962 1276 3026 creandorum

138 3051 398 3134 secessionisque
436 3052 615 3115 mentiones
655 3052 696 3114 ad
734 3052 851 3135 vulgus
888 3050 1026 3114 militum
1069 3047 1277 3112 sermonibus

139 3137 273 3201 occultis
291 3146 462 3216 serentem,
484 3136 749 3222 prospeculatum
766 3140 808 3201 ad
823 3137 928 3201 locum
946 3135 1061 3200 castris
1077 3134 1276 3218 capiendum

100 3240 117 3287 3
138 3224 279 3285 mittunt.
305 3223 401 3285 datur
416 3225 583 3305 negotium
600 3224 765 3303 militibus,
783 3246 865 3310 quos
882 3225 1038 3286 miserant
1053 3218 1277 3304 expeditionis

139 3308 208 3372 eius
232 3309 376 3384 comites,
411 3317 448 3370 ut
478 3329 551 3371 cum
577 3320 762 3395 opportuno
797 3310 904 3373 adorti
934 3307 1008 3372 loco
1040 3305 1275 3370 interficerent.

100 3394 225 3457 thaud
249 3392 387 3456 inultum
409 3394 618 3476 interfecere;
656 3418 731 3460 nam
763 3397 849 3459 circa
877 3402 1116 3480 repugnantem
1150 3392 1278 3477 aliquot

138 3481 344 3543 insidiatores
368 3478 527 3561 cecidere,
552 3503 623 3544 cum
647 3482 718 3565 ipse
742 3505 777 3546 se
804 3480 1012 3566 praevalidus
1045 3480 1118 3565 pari
1149 3479 1276 3542 viribus

103 3568 245 3630 tanimo
283 3566 524 3628 circumventus
562 3577 731 3631 tutaretur.
776 3569 924 3631 nuntiant
960 3568 993 3630 in
1030 3573 1138 3628 castra
1175 3564 1278 3628 ceteri

138 3651 389 3737 praecipitatum
412 3650 446 3712 in
468 3651 602 3715 insidias
626 3675 712 3733 esse3
746 3653 888 3717 Siccium
911 3653 1042 3736 egregie
1074 3659 1277 3736 pugnantem

101 3738 322 3823 omilitesque
347 3736 506 3821 quosdam
530 3759 603 3800 cum
627 3759 665 3802 eo
689 3741 835 3803 amissos.
872 3741 978 3825 primo
1010 3737 1094 3801 fides
1124 3737 1276 3800 nuntian-

139 3823 226 3888 tibus
250 3824 325 3903 fuit3
356 3820 505 3906 profecta
528 3822 649 3886 deinde
672 3825 787 3888 cohors
816 3824 857 3887 ad
881 3823 1089 3910 sepeliendos
1113 3823 1170 3908 qui
1193 3823 1276 3885 ceci·
