2738 4146
322 143 431 194 arnna
448 145 535 196 xxm
546 142 629 195 111.
648 148 689 197 na
708 148 750 196 ao.
770 143 807 214 [s
825 146 859 198 o.
877 163 900 198 e.
917 147 988 216 11η.
1188 136 1248 193 181

55 319 208 383 ducenos
231 325 374 381 armatos
396 327 531 401 possent
554 339 682 401 capere.
698 319 731 380 in
747 317 807 382 has
822 318 975 400 latebras,
992 330 1073 408 quot
1088 344 1198 406 quem·
1219 338 1234 387 1

56 427 123 491 que
151 403 264 467 locum
287 412 364 487 apte
386 402 529 466 insidere
577 412 714 484 oterant‚
738 405 880 490 quinque
903 404 992 469 milia
1014 407 1200 473 conduntur

59 490 212 576 peditum
237 490 458 574 equitumque.
473 426 592 552 necubi
608 501 715 553 tamen
731 502 787 553 aut
802 501 909 554 motus
925 490 1060 557 alicuius
1075 502 1199 559 temere
1218 505 1235 555 8

57 576 188 662 egressi
220 589 276 638 aut
306 573 413 655 fulgor
445 596 608 638 armorum
636 574 785 640 fraudem
817 577 850 639 in
882 574 967 642 valle
995 588 1062 644 tam
1085 589 1200 665 aperta

60 663 246 746 detegeret,
278 661 384 724 missis
416 661 530 808 paucis
561 662 668 746 prima
698 660 771 725 luce
802 662 843 726 ad
876 664 1072 748 capiendum
1100 687 1198 750 quern

57 759 138 814 ante
162 747 306 810 diximus
328 756 418 811 tumu
433 769 488 811 nm
510 748 628 810 avertit
651 745 763 811 oculos
786 747 935 813 bostium.
958 750 1064 835 primo
1089 753 1198 817 statim
1217 766 1233 813 1

57 843 242 920 conspectu
277 843 463 916 contempta
493 833 650 916 paucitas,
687 855 725 897 ac
757 833 818 897 sibi
850 835 988 983 quisque
1015 835 1196 922 deposcere

60 919 235 1006 pellendos
266 918 341 982 inde
368 918 480 982 hostes
503 940 541 981 ac
564 917 671 982 locum
694 919 903 1004 capiendum;
950 943 997 985 ux
1017 921 1089 1006 ipse
1111 924 1197 987 inter

58 1005 293 1072 stolidissimos
321 1005 605 1089 ferocissimosque
632 1004 673 1067 ad
701 1026 792 1069 arma
812 1016 910 1070 vocat
933 1017 965 1070 et
984 1010 1076 1072 vanis
1099 1011 1195 1073 minis

58 1094 212 1176 increpat
233 1086 373 1155 hostem.
397 1091 556 1176 principio
579 1088 686 1154 levem
703 1099 901 1156 armaturam
918 1093 1057 1176 dimittit,
1076 1095 1194 1160 deinde
1216 1107 1251 1155 10

61 1178 211 1242 conferto
227 1178 355 1261 agmine
371 1178 469 1241 mittit
480 1178 615 1261 equites,
631 1187 806 1261 postremo,
818 1199 891 1242 cum
903 1179 1051 1244 hostibus
1064 1202 1195 1266 quoque

59 1264 212 1328 subsidia
233 1264 315 1326 mitti
338 1262 474 1339 videret,
497 1263 661 1327 instructis
684 1260 864 1344 legionibus
886 1266 1044 1350 procedit.
1061 1277 1094 1331 et
1106 1267 1193 1331 Han·
1216 1280 1246 1328 11

59 1350 153 1414 nibal
175 1348 399 1413 laborantibus
422 1351 488 1412 suis
511 1347 574 1413 alia
595 1358 694 1435 atque
715 1347 780 1412 alia
794 1351 995 1416 increscente
1010 1355 1186 1418 certamine

59 1438 195 1501 mittens
221 1433 343 1499 auxilia
367 1436 514 1519 peditum
541 1436 752 1520 equitumque
779 1437 842 1498 iam
866 1436 983 1501 iustam
1006 1438 1197 1521 expleverat

57 1524 178 1603 aciem,
195 1543 235 1585 ao
247 1521 323 1584 totis
337 1522 501 1607 utrimque
514 1520 638 1584 viribus
654 1529 804 1585 certatur.
843 1524 924 1585 rima
937 1521 1017 1588 levis
1032 1535 1197 1590 armatura
1215 1540 1248 1588 12

59 1609 294 1684 Romanorum,
309 1615 586 1690 praeoccupatum
602 1627 644 1668 ex
659 1605 811 1671 inferiore
820 1545 892 1671 loco
903 1609 1081 1674 succedens
1091 1621 1195 1675 tumu-

59 1695 142 1777 lum,
155 1693 249 1776 pulsa
265 1693 462 1778 detrusaque
476 1703 634 1757 terrorem
648 1693 681 1755 in
697 1693 1044 1759 succedentemintulit
1053 1698 1195 1782 equitem

59 1790 99 1846 et
122 1779 164 1842 ad
188 1781 282 1862 signa
303 1776 467 1863 legionum
489 1779 618 1860 refugit.
642 1778 789 1862 peditum
812 1780 899 1844 acies
920 1781 1004 1845 inter
1026 1782 1195 1866 perculsos
1214 1800 1246 1846 13

59 1865 220 1950 inpavida
251 1863 321 1929 sola
352 1873 422 1928 erat
452 1863 703 1949 videbaturque,
735 1865 762 1928 si
792 1865 876 1928 iusta
907 1888 945 1929 ac
970 1878 1060 1932 11111
1085 1889 1195 1953 pugna

58 1961 160 2034 esset,
184 1950 437 2036 haudquaquam
460 1951 566 2036 impar
587 1950 711 2014 futura:
735 1961 860 2015 tantum
877 1953 1057 2018 animorum
1072 1953 1196 2019 fecerat

60 2059 224 2140 prospere
259 2047 333 2101 ante
365 2057 486 2121 paucos
519 2036 588 2101 dies
619 2059 671 2100 res
702 2047 811 2121 gesta;
843 2039 900 2102 sed
929 2041 1034 2104 exorti
1060 2051 1195 2127 repente
1214 2061 1250 2107 14

58 2125 269 2188 insidiatores
297 2145 372 2187 eum
399 2120 573 2186 tumultum
600 2132 824 2209 terroremque
851 2125 884 2188 in
905 2124 1009 2189 latera
1030 2128 1195 2213 utrimque

59 2209 106 2274 ab
128 2219 288 2293 tergoque
311 2209 512 2272 incursantes
534 2207 690 2288 fecerunt,
715 2219 750 2273 ut
771 2232 832 2274 neo
855 2212 979 2275 animus
995 2212 1036 2275 ad
1053 2233 1195 2296 pugnam

57 2318 169 2382 neque
192 2295 234 2358 ad
258 2294 367 2379 fugam
390 2317 465 2380 spes
490 2295 641 2379 cuiquam
664 2305 859 2379 superesset.

164 2379 293 2445 XXIX.
320 2379 405 2444 Tum
426 2379 548 2444 Fabius
572 2381 676 2463 primo
700 2380 842 2444 clamore
864 2382 1051 2467 paventium
1075 2384 1194 2464 audito,
1217 2401 1230 2448 1

58 2468 138 2532 dein
171 2476 347 2550 conspecta
376 2465 493 2550 procul
525 2465 655 2530 turbata
686 2468 756 2530 acie
786 2468 850 2530 “ita
879 2465 945 2531 est“
970 2468 1083 2552 inquit,
1111 2477 1192 2534 “non

54 2552 212 2628 celerius,
237 2574 336 2638 quam
357 2552 459 2631 timui,
484 2551 658 2635 deprendit
678 2551 811 2640 fortuna
830 2553 1068 2616 temeritatem?
1089 2553 1230 2621 Fabios

55 2649 223 2725 aequatus
238 2639 375 2722 imperio
388 2636 607 2701 Hannibalem
624 2654 656 2702 et
670 2639 790 2703 virtute
806 2653 838 2702 et
852 2639 981 2703 fortuna
991 2641 1194 2724 superiorem

57 2727 162 2790 videt.
192 2724 249 2789 sed
272 2723 361 2787 aliud
383 2724 532 2807 iurgandi
555 2725 834 2809 succensendique
857 2735 985 2809 tempus
1009 2727 1084 2808 erit3
1106 2749 1194 2793 nuno

56 2813 155 2895 signa
188 2819 281 2874 extra
302 2808 424 2874 vallum
447 2809 604 2894 proferte:
629 2811 799 2874 victoriam
823 2812 907 2875 hosti
930 2821 1193 2897 extorqueamus,

56 2897 301 2967 confessionem
333 2897 452 2960 erroris
485 2895 642 2960 civibus“.
674 2898 737 2959 iam
768 2920 886 2981 magna
910 2911 1067 2983 exparte
1091 2903 1230 2967 cassisa

57 2982 145 3067 aliis,
168 2981 241 3047 aliis
257 2982 603 3068 circumspectantibus
619 2983 728 3065 fugam
744 2982 891 3047 Fabiana
906 3006 940 3048 se
957 2986 1043 3049 acies
1059 2997 1193 3069 repente

55 3070 150 3135 velut
173 3067 265 3132 caelo
290 3068 431 3132 demissa
453 3069 495 3131 ad
518 3068 673 3132 auxilium
698 3070 847 3132 ostendit.
868 3071 987 3155 itaque,
1004 3073 1192 3155 priusquam
1212 3093 1229 3141 4

54 3156 102 3221 ad
130 3156 314 3219 coniectum
341 3153 398 3219 teli
422 3155 549 3218 veniret
571 3168 626 3218 aut
649 3178 778 3218 manum
803 3165 997 3238 consereret,
1021 3165 1053 3219 et
1075 3179 1149 3221 suos
1174 3180 1193 3220 a

56 3243 137 3324 fuga
169 3241 273 3305 effusa
305 3249 339 3305 et
367 3239 409 3304 ab
438 3241 532 3304 nimis
556 3241 657 3304 feroci
679 3263 790 3327 pugna
812 3240 922 3306 hostes
946 3244 1112 3306 continuit.
1137 3246 1192 3328 qui

55 3328 175 3394 solutis
208 3326 377 3391 ordinibus
404 3347 488 3408 vage
516 3326 663 3412 dissipati
687 3339 788 3404 erant,
812 3329 956 3413 undique
979 3327 1193 3411 confugerunt

57 3415 101 3478 ad
124 3416 287 3498 integram
303 3412 421 3492 aciem;
440 3414 495 3500 qui
510 3411 621 3498 plures
638 3413 732 3477 simul
749 3424 842 3498 terga
858 3415 1025 3497 dederant,
1042 3417 1192 3478 conversi
1213 3440 1229 3488 5

56 3502 93 3565 in
116 3501 247 3564 hostem
269 3497 506 3583 volventesque
530 3499 643 3563 orbem
666 3522 751 3563 nuno
775 3502 893 3564 sensim
915 3500 1037 3563 referre
1060 3501 1190 3586 pedem,

57 3609 147 3651 nunc
175 3584 363 3668 conglobati
385 3595 518 3649 restare.
544 3607 582 3649 ac
604 3587 667 3648 iam
691 3607 795 3670 prope
818 3608 882 3649 una
904 3588 991 3650 acies
1014 3586 1099 3650 facta
1122 3597 1192 3651 erat

57 3673 136 3737 victi
158 3682 257 3758 atque
279 3671 398 3755 integri
420 3673 593 3753 exercitus,
616 3671 863 3757 inferebantque
886 3673 978 3755 signa
1000 3674 1032 3735 in
1052 3673 1190 3754 hostem,

58 3782 134 3824 cum
155 3757 287 3823 Poenus
318 3758 466 3842 receptui
500 3759 625 3840 cecinit,
654 3757 761 3841 palam
789 3759 912 3822 ferente
940 3758 1125 3824 Hannibale
1148 3761 1227 3834 abr,

61 3867 96 3909 se
118 3843 307 3924 Minucium,
331 3866 367 3907 se
391 3842 432 3906 ab
456 3843 559 3907 Fabio
583 3845 713 3908 victum.
