2738 4146
324 129 433 179 arnna
450 130 535 178 xxrr.
555 129 630 179 cnr.
650 134 691 180 aa.
710 134 750 179 aa.
771 129 805 197 [a.
824 131 857 181 u.
876 149 897 181 ο.
916 133 984 200 ⁵3⁷l·
1208 121 1268 178 177

88 303 265 364 maximam
291 299 421 363 laudem
448 320 554 362 verso.
578 300 610 361 in
632 302 856 384 permutandis
884 303 1030 384 captivis,
1060 304 1147 387 quod
1171 305 1248 367 sico

88 389 195 468 primo
229 386 352 448 Punico
385 383 470 446 bello
502 384 625 448 factum
659 397 737 466 erat,
778 400 974 450 convenerat
1006 388 1088 452 inter
1117 389 1217 453 duces

88 473 273 536 Romanum
306 471 527 555 Poenumque,
558 480 595 533 ut
629 492 713 555 quae
742 493 818 555 pars
841 470 914 557 plus
936 474 1097 555 reciperet
1121 496 1218 558 quam

89 559 196 635 daret,
220 556 344 640 argenti
370 555 479 639 pondo
502 554 580 617 bina
603 565 635 618 et
659 554 794 620 selibras
818 557 851 619 in
875 556 1010 620 militem
1027 570 1217 641 praestaret.

89 642 241 706 ducentis
275 640 489 727 quadraginta
521 651 646 724 septem
679 663 753 704 cum
786 642 896 726 plures
927 642 1092 707 Romanus
1120 659 1252 729 quam?

88 728 220 791 Poenus
242 727 430 810 recepisset,
447 737 681 810 argentumque
696 749 755 810 pro
773 730 819 790 eis
833 727 978 790 debitum
992 750 1088 812 saepe
1100 729 1217 793 iactata

89 815 123 876 in
146 820 261 875 senatu
282 834 329 890 re,
358 813 509 896 quoniam
531 822 595 874 non
619 812 835 876 consuluisset
857 825 975 897 patres,
999 815 1123 877 tardius
1148 837 1216 878 ero·
1239 831 1255 879 8

89 907 233 981 geretur,
266 894 455 960 inviolatum
487 895 527 959 ab
560 895 654 959 hoste
678 920 791 980 agrum
814 900 912 961 misso
936 898 1071 961 Romam
1098 898 1217 978 Quinto

89 983 158 1047 filio
182 982 331 1045 vendidit
352 981 515 1066 fidemque
538 981 703 1065 publicam
733 983 886 1069 inpendio
915 985 1042 1066 privato
1067 983 1216 1048 exsolvit,

196 1067 359 1131 Hannibal
391 1089 450 1151 pro
485 1065 639 1130 Gereonii
669 1069 850 1151 moenibus,
875 1069 965 1133 cuius
988 1070 1078 1132 urbis
1103 1081 1252 1154 captaeo

90 1164 190 1238 atque
222 1154 372 1216 incensae
404 1151 445 1214 ab
469 1175 505 1215 se
527 1153 558 1214 in
581 1173 676 1215 usum
698 1152 890 1217 horreorum
914 1176 1018 1241 pauca
1040 1153 1218 1240 reliquerat

90 1250 189 1318 tecta,
207 1239 240 1300 in
256 1238 382 1301 stativis
398 1247 477 1301 erat.
493 1237 568 1300 inde
581 1237 809 1302 frumentatum
828 1239 909 1302 duas
927 1241 1088 1303 exercitus
1105 1252 1215 1325 partes
1237 1261 1269 1308 10

91 1324 257 1403 mittebat;
291 1345 364 1386 cum
386 1323 493 1386 tertia
523 1323 593 1408 ipse
626 1325 780 1407 expedita
812 1326 845 1387 in
869 1327 1006 1389 statione
1031 1335 1100 1389 erat
1124 1325 1218 1391 simul

46 1432 49 1438 ·
92 1409 208 1472 castris
246 1408 409 1493 praesidio
448 1418 481 1471 et
513 1411 798 1492 circumspectans,
831 1411 980 1474 necunde
1012 1412 1154 1495 impetus
1185 1414 1219 1475 in

90 1495 342 1558 frumentatores
364 1492 466 1556 fieret.
1216 1500 1218 1505 ’

197 1578 326 1642 XXIV.
350 1578 514 1641 Romanus
538 1587 614 1641 tunc
638 1581 801 1642 exercitus
824 1580 856 1640 in
879 1601 957 1662 agro
980 1579 1126 1644 Larinati
1142 1592 1219 1646 erat.
1239 1590 1252 1637 1

92 1675 248 1750 praeerat
285 1664 446 1728 Minucius
483 1665 638 1746 magister
670 1665 813 1748 equitum
844 1664 1001 1748 profecto,
1034 1668 1117 1729 sicut
1148 1680 1221 1730 ante
1254 1712 1256 1716 ·

93 1751 220 1814 dictum
252 1759 311 1830 est,
346 1750 388 1812 ad
419 1747 533 1812 urbem
567 1748 734 1813 dictatore.
767 1759 911 1812 ceterum
939 1760 1053 1832 castra,
1082 1773 1166 1835 quae
1188 1753 1253 1814 ina

92 1845 203 1900 monte
240 1835 305 1898 alto
346 1856 383 1897 ac
416 1843 485 1898 tuto
518 1832 589 1897 loco
620 1835 727 1917 posita
758 1834 895 1912 fuerant,
926 1835 988 1897 iam
1022 1836 1054 1898 in
1085 1836 1219 1919 planum

93 1921 299 2000 deferuntur3
332 1919 602 2003 agitabanturque
633 1942 693 2004 pro
722 1921 850 2002 ingenio
875 1920 965 1982 ducis
989 1920 1121 1984 consilia
1145 1922 1217 1985 cali-

94 2008 195 2086 diora,
218 2015 256 2069 ut
277 2007 418 2089 impetus
441 2006 551 2068 autin
573 2004 823 2069 frumentatores
846 2005 972 2090 palatos
996 2008 1098 2070 autin
1114 2018 1219 2071 castra

92 2091 206 2156 relicta
238 2111 310 2154 cum
342 2089 407 2154 levi
441 2089 602 2174 praesidio
633 2090 736 2154 fieret.
770 2113 832 2156 nec
862 2090 1080 2157 Hannibalem
1106 2092 1255 2156 fefellit3

93 2201 168 2241 cum
200 2177 283 2240 duce
317 2185 473 2239 mutatam
505 2197 576 2238 esse
605 2174 682 2238 belli
709 2176 880 2255 rationem,
904 2188 936 2240 et
958 2176 1098 2242 ferocius
1123 2201 1219 2264 quam

93 2261 271 2327 consultius
293 2284 363 2324 rem
386 2261 497 2324 hostes
520 2268 679 2344 gesturos.
703 2263 773 2345 ipse
797 2271 904 2324 autem
929 2297 969 2306 —
986 2264 1073 2346 quod
1088 2266 1253 2327 minime4

93 2350 165 2434 quis
190 2347 341 2416 crederet
361 2382 413 2428 -,
442 2368 516 2409 cum
540 2345 641 2409 hostis
664 2348 799 2430 propius
823 2356 918 2426 esset,
942 2350 1071 2412 tertiam
1092 2360 1219 2431 partem

92 2433 233 2497 militum
254 2433 485 2496 frumentatum
509 2430 635 2495 duabus
658 2433 691 2494 in
708 2433 821 2494 castris
836 2433 969 2495 retentis
986 2433 1119 2513 dimisit;
1144 2434 1218 2497 dein

94 2528 201 2583 castra
229 2519 302 2602 ipsa
332 2517 469 2603 propius
502 2515 631 2580 hostem
662 2518 765 2581 movit
796 2516 861 2581 duo
888 2516 989 2581 ferme
1013 2540 1031 2579 a
1055 2517 1254 2584 Gereonioo

92 2604 182 2668 milia
208 2604 242 2666 in
268 2602 428 2667 tumulum
456 2601 542 2666 hosti
569 2613 788 2686 conspectum,
815 2612 852 2666 ut
879 2603 1035 2666 intentum
1064 2627 1098 2668 se
1122 2607 1219 2669 sciret

93 2713 165 2754 esse
197 2688 240 2752 ad
272 2689 531 2760 frumentatores,
559 2689 586 2752 si
614 2710 679 2772 qua
699 2689 749 2750 vis
772 2687 875 2768 fieret,
898 2689 1061 2752 tutandos.
1086 2693 1251 2775 propiora

91 2776 168 2839 inde
202 2775 232 2838 ei
263 2785 360 2859 atque
392 2774 471 2857 ipsis
504 2774 673 2836 imminens
696 2772 915 2836 Romanorum
939 2774 1053 2837 castris
1077 2775 1218 2839 tumulus

93 2861 260 2946 apparuit,
293 2860 334 2922 ad
366 2881 463 2944 quem
497 2859 691 2942 capiendum
722 2861 750 2921 si
776 2859 849 2922 luce
876 2858 984 2944 palam
1007 2862 1118 2938 iretur,
1143 2863 1218 2946 quia

92 2947 182 3010 haud
218 2944 325 3027 dubie,
347 2944 449 3007 hostis
481 2943 633 3008 breviore
664 2945 718 3008 via
748 2957 983 3028 praeventurus
1017 2955 1095 3028 erat,
1123 2957 1218 3009 nocte

93 3032 176 3097 clam
192 3031 282 3094 missi
297 3029 457 3094 Numidae
474 3046 640 3113 ceperunt.
656 3050 738 3114 quos
754 3039 900 3093 tenentes
916 3028 1023 3094 locum
1034 3042 1218 3115 contempta
1238 3051 1251 3097 7

92 3118 258 3218 paucitate
279 3115 417 3179 Romani
440 3124 572 3199 postero
596 3115 648 3179 die
672 3138 744 3179 cum
761 3115 965 3188 deiecissent,
983 3117 1044 3198 ipsi
1061 3139 1097 3179 eo
1114 3128 1217 3179 trans·

92 3209 201 3268 lerunt
233 3211 349 3266 castra.
380 3209 450 3263 tum
480 3201 592 3285 utique
625 3202 779 3283 exiguum
811 3201 907 3283 spatii
938 3199 1058 3264 vallum
1087 3223 1106 3264 a
1132 3201 1254 3270 vallos

93 3290 217 3368 aberat,
242 3297 275 3350 et
295 3286 330 3349 id
352 3287 460 3372 ipsum
482 3295 586 3349 totum
608 3307 713 3372 prope
737 3284 944 3369 conpleverat
959 3285 1104 3349 Romana
1120 3289 1215 3350 acies.

93 3371 189 3438 simul
212 3381 245 3437 et
266 3394 327 3458 per
349 3393 465 3435 aversa
487 3393 506 3434 a
528 3374 641 3434 castris
664 3369 855 3433 Hannibalis
879 3373 1040 3455 equitatus
1064 3394 1136 3436 cum
1152 3371 1216 3437 levi

93 3468 258 3524 armatura
290 3459 426 3522 emissus
456 3457 489 3520 in
515 3457 765 3522 frumentatores
793 3455 857 3520 late
886 3457 1019 3520 caedem
1040 3456 1216 3542 fugamque

92 3545 235 3610 bostium
267 3541 450 3630 palatorum
480 3541 567 3607 fecit.
594 3565 655 3607 nec
681 3543 749 3604 acie
774 3552 898 3605 certare
920 3541 1085 3605 Hannibal
1109 3564 1216 3625 ausus,
1237 3567 1251 3612 s

93 3633 169 3717 quia
200 3638 291 3693 tanta
317 3629 481 3712 paucitate
508 3663 551 3674 -
579 3650 653 3691 nam
676 3649 752 3712 pars
776 3628 937 3691 exercitus
961 3627 1074 3692 aberat
1098 3664 1136 3674 -
1161 3630 1218 3692 vix

93 3727 210 3800 castra,
247 3715 274 3778 si
311 3723 587 3800 oppugnarentur,
624 3713 722 3776 tutari
753 3722 897 3796 poterat3
930 3714 1060 3798 iamque
1092 3714 1216 3778 artibus
1237 3740 1269 3787 10

91 3801 197 3883 Fabii,
230 3799 375 3864 sedendo
405 3809 438 3863 et
466 3800 657 3878 cunctando,
680 3796 802 3862 bellum
825 3797 961 3882 gerebat
982 3809 1222 3882 receperatque

133 3899 284 3938 nutam.
1154 3899 1197 3942 Ὠ.
