2738 4146
327 168 435 218 LIBER
452 168 502 220 111.
520 167 596 220 ΟΔΡ.
614 169 657 220 48.
675 169 718 218 49.
735 168 777 217 50.
798 166 832 234 [a.
850 167 883 218 U.
902 183 924 217 o.
942 166 1013 235 ³051.
1217 153 1279 213 223

89 343 219 410 excitus
242 339 370 427 Appius
403 338 585 423 conprendi
606 337 799 423 Verginium
822 338 923 404 iubet.
961 337 1015 404 ille
1038 339 1124 403 ferro
1149 361 1226 424 qua-

88 449 233 515 cumque
256 427 326 492 ibat
352 427 438 490 viam
460 425 579 507 facere,
608 424 712 489 donec
747 424 952 489 multitudine
986 425 1083 489 etiam
1115 447 1226 510 prose-

88 516 262 604 quentium
284 521 395 576 tuente
418 511 460 576 ad
483 521 613 597 portam
636 511 793 596 perrexit.
826 510 935 575 Icilius
958 510 1228 598 Numitoriusque
1248 513 1264 563 ⁷

90 621 262 684 exsangue
286 619 405 683 corpus
438 596 602 662 sublatum
625 605 788 661 ostentant
813 596 953 682 populo;
986 595 1093 661 scelus
1117 598 1227 683 Appii,

89 685 223 775 puellae
261 682 425 748 infelicem
455 682 604 764 formam,
642 683 872 747 necessitatem
908 684 1010 768 patris
1044 681 1226 768 deplorant.

88 781 269 860 sequentes
294 770 460 833 clamitant
483 777 660 844 matronae,
697 791 812 832 eamne
844 767 1020 832 liberorum
1053 773 1262 854 procrean-8

90 861 212 925 dorum
237 856 476 934 condicionem,
509 876 548 917 ea
578 855 755 939 pudicitiae
786 855 932 939 praemia
963 855 1069 936 ossei,
1106 865 1226 931 cetera,

90 943 235 1032 quaein
258 941 317 1006 tali
338 963 376 1006 re
398 938 566 1004 muliebris
591 939 693 1022 dolor,
726 962 790 1026 quo
824 950 873 1004 est
895 941 1050 1004 maestior
1075 940 1227 1005 inbecillo

90 1032 213 1111 animo,
237 1049 276 1092 eo
301 1025 499 1091 miserabilia
522 1027 624 1110 magis
647 1025 859 1112 querentibus
876 1025 1004 1090 subicit.
1027 1027 1172 1091 virorum
1196 1033 1262 1091 et8

91 1117 237 1181 maxime
271 1112 354 1177 Icilii
384 1133 451 1177 vox
481 1121 552 1175 tota
581 1111 775 1176 tribuniciae
807 1111 977 1195 potestatis
1000 1134 1038 1175 ao
1069 1134 1226 1196 provoca-

89 1202 190 1268 tionis
207 1199 249 1262 ad
268 1197 424 1284 populum
442 1207 574 1282 ereptae
584 1197 855 1283 publicarumque
870 1197 1130 1283 indignationum
1147 1207 1226 1264 erat.

196 1284 322 1350 XLIX.
341 1282 530 1348 Concitatur
552 1283 726 1348 multitudo
749 1285 867 1369 partim
890 1286 1060 1348 atrocitate
1083 1283 1227 1364 sceleris,
1249 1291 1262 1339 1

91 1372 215 1458 partim
250 1393 309 1454 spe
340 1393 401 1456 per
432 1369 635 1434 occasionem
668 1369 868 1453 repetendae
891 1369 1061 1435 libertatis.
1099 1369 1263 1456 Appius2

91 1471 181 1522 nunc
212 1458 327 1522 vocari
354 1455 492 1531 Icilium,
523 1477 610 1519 nunc
641 1465 873 1520 retractantem
909 1458 1018 1541 arripi,
1049 1466 1227 1541 postremo,

93 1565 168 1608 cum
201 1540 293 1607 locus
325 1542 467 1605 adeundi
500 1542 742 1626 apparitoribus
772 1563 837 1604 non
868 1539 1012 1622 daretur,
1049 1544 1121 1628 ipse
1153 1565 1228 1606 cum

93 1629 225 1713 agmine
248 1629 462 1714 patriciorum
483 1628 636 1692 iuvenum
659 1648 719 1712 per
744 1627 874 1692 turbam
896 1629 1022 1692 vadens
1044 1629 1077 1691 in
1099 1628 1229 1693 vincula

93 1715 171 1780 duci
193 1713 296 1779 iubet.
318 1715 383 1777 iam
400 1714 486 1777 circa
499 1711 628 1777 Icilium
643 1735 709 1777 non
731 1712 836 1777 solum
851 1711 1034 1787 multitudo,
1051 1713 1110 1778 sed
1127 1714 1229 1778 duces
1247 1725 1263 1773 3

79 1823 161 1887 >quo
187 1823 230 1865 ue
254 1797 468 1864 multitudinis
492 1808 593 1879 erant,
617 1799 655 1862 L.
678 1798 830 1863 Valerius
858 1809 891 1863 et
913 1799 958 1862 M.
980 1799 1148 1876 Horatius,
1173 1800 1229 1887 qui

94 1823 230 1972 repirlso
254 1884 378 1963 lictore,
403 1886 431 1949 si
444 1887 516 1949 iure
539 1893 661 1969 ageret,
683 1885 850 1950 vindicare
866 1908 900 1949 se
917 1908 936 1948 a
957 1887 1085 1971 privato
1101 1885 1228 1950 Icilium

94 1971 243 2053 aiebant3
268 1971 296 2035 si
317 1972 383 2036 vim
400 1970 530 2035 adferre
554 1981 734 2050 conaretur,
758 1971 804 2035 ibi
827 1992 958 2057 quoque
973 1971 1063 2035 baud
1086 1973 1130 2035 im
1156 1994 1229 2036 ares

94 2057 178 2123 fore.
201 2057 279 2121 hinc
302 2065 398 2121 atrox
423 2058 496 2120 rixa
529 2057 639 2122 oritur.
677 2055 844 2120 Valerium
868 2057 1106 2143 Horatiumque
1131 1995 1265 2122 lictort

95 2143 276 2208 decemviri
299 2143 436 2224 invadit3
461 2143 652 2226 franguntur
664 2165 693 2227 ‘a
716 2142 921 2206 multitudine
944 2143 1060 2207 fasces.
1098 2144 1131 2207 in
1154 2165 1229 2207 con·

93 2231 218 2294 tionem
252 2226 382 2315 Appius
414 2229 573 2310 escendit3
607 2241 786 2314 sequuntur
815 2229 972 2292 Horatius
1003 2228 1228 2315 Valeriusque.

96 2336 154 2379 eos
175 2317 284 2379 contio
308 2315 413 2395 audit3
446 2314 632 2379 decemviro
665 2315 873 2399 obstrepitur.
912 2315 977 2376 iam
1008 2337 1067 2399 pro
1090 2317 1266 2400 imperioo

95 2399 250 2466 Valerius
278 2400 449 2464 discedere
471 2422 491 2464 a
513 2401 642 2485 privato
675 2400 806 2464 lictores
837 2399 981 2481 iubebat,
1014 2422 1086 2463 cum
1119 2401 1228 2464 fractis

95 2487 214 2551 animis
228 2484 359 2573 Appius
381 2488 468 2551 vitae
490 2495 638 2550 metuens
660 2487 692 2550 in
709 2487 841 2550 domum
865 2508 899 2548 se
921 2488 1137 2571 propinquam
1158 2486 1228 2550 foro

94 2573 206 2637 insciis
241 2572 436 2637 adversariis
458 2574 563 2657 capite
597 2571 751 2637 obvoluto
784 2572 910 2658 recipit.
943 2571 999 2656 Sp.
1024 2571 1161 2657 Oppius,
1193 2582 1264 2636 uto

94 2657 219 2723 auxilio
243 2657 399 2742 conlegae
423 2668 519 2730 esset,
551 2659 584 2720 in
605 2658 712 2723 forum
746 2680 788 2722 ex
810 2658 912 2721 altera
944 2668 1037 2743 parte
1064 2659 1228 2743 inrumpit.

93 2745 188 2810 videt
218 2744 392 2829 imperium
422 2745 457 2806 vi
477 2745 610 2809 victum.
643 2747 782 2826 agitatus
808 2745 925 2808 deinde
960 2742 1099 2808 consiliis
1131 2754 1230 2830 atque

77 2853 140 2902 ,ex
163 2831 253 2894 omni
274 2839 368 2915 parte
400 2829 612 2894 adsentiendo
635 2829 744 2893 multis
771 2830 958 2894 auctoribus
992 2831 1229 2916 trepidaverat3
1269 2869 1271 2872 ·

79 2925 250 2981 ‚senatum
274 2924 439 3001 postremo
462 2917 573 2980 vocari
596 2917 700 2979 iussit.
726 2938 765 2979 ea
787 2939 850 2998 res,
875 2917 963 3001 quod
987 2939 1124 3000 magnae
1146 2920 1266 3002 partit

94 3012 229 3088 patrum
253 2999 427 3086 displicere
457 3010 530 3065 acta
562 3002 820 3065 decemvirorum
851 3001 1056 3082 videbantur,
1090 3025 1148 3087 spe
1171 3025 1231 3086 per

94 3097 246 3152 senatum
267 3086 429 3151 finiendae
452 3088 622 3173 potestatis
647 3090 716 3152 eius
740 3089 978 3152 multitudinem
1012 3088 1147 3152 sedavit.
1181 3101 1265 3152 se-8

92 3182 192 3238 natus
223 3194 287 3237 nec
310 3172 440 3258 plebem
473 3175 668 3238 inritandam
693 3176 818 3237 censuit
849 3185 881 3238 et
907 3173 1008 3236 multo
1032 3175 1134 3256 magis
1157 3196 1230 3259 pro·

92 3258 288 3341 videndum,
324 3281 367 3323 ne
402 3259 480 3345 quid
511 3260 658 3344 Verginii
690 3261 850 3324 adventus
881 3261 914 3323 in
946 3261 1094 3323 exercitu
1124 3271 1231 3325 motus

92 3344 228 3410 faceret.

198 3429 238 3494 L.
261 3429 379 3515 Itaque
410 3431 499 3494 missi
521 3431 663 3494 iuniores
695 3440 824 3514 patrum
846 3431 879 3493 in
902 3441 1018 3512 castra,
1052 3453 1135 3516 quae
1163 3441 1261 3496 tumr

92 3516 127 3581 in
159 3526 271 3581 monte
294 3514 418 3580 Vecilio
452 3527 552 3597 erant,
584 3518 733 3580 nuntiant
757 3517 960 3595 decemviris,
992 3528 1028 3580 ut
1060 3518 1145 3580 omni
1169 3539 1231 3602 ope

92 3602 137 3667 ab
162 3602 321 3667 seditione
335 3601 455 3667 milites
470 3604 666 3666 contineant.
691 3602 736 3665 ibi
752 3602 926 3685 Verginius
943 3604 1108 3683 maiorem,
1133 3625 1231 3688 quam
1251 3620 1267 3668 2

91 3686 274 3774 reliquerat
304 3688 337 3751 iu
359 3688 451 3767 urbe,
485 3697 608 3752 motum
632 3690 761 3753 excivit.
790 3711 864 3751 nam
890 3699 1119 3774 praeterquam
1143 3691 1267 3774 quoda

92 3775 226 3859 agmine
256 3796 361 3861 prope
394 3774 703 3861 quadringentorum
735 3775 902 3839 hominum
923 3778 1072 3856 veniens,
1102 3777 1164 3858 qui
1190 3775 1235 3839 ab

91 3859 178 3927 urbo
200 3859 389 3942 indignitate
422 3861 473 3925 rei
505 3863 639 3928 accensi
673 3864 814 3930 comites
849 3863 883 3928 ei
908 3885 947 3927 se
971 3862 1154 3935 dederant,
1180 3875 1261 3917 con-
