2738 4146
30 119 32 123 ’
103 124 142 181 62
385 137 493 186 ursan
510 138 544 187 11.
564 135 641 186 our.
661 138 700 186 1o.
720 139 761 185 11.
779 134 813 202 [a.
832 117 905 186 usa
925 132 997 203 ach.

118 319 264 393 oposset
292 309 416 388 obsisti,
444 325 668 392 excepturum.
703 309 795 371 vadit
825 310 901 371 inde
927 309 959 371 in
987 308 1130 392 primum
1159 306 1288 369 aditum
1320 346 1325 355 -

154 396 272 480 pontis,
295 396 495 478 insignisque
517 395 600 458 inter
624 405 800 480 conspecta
828 393 1013 458 cedentium
1037 414 1166 479 pugnae
1189 403 1289 476 terga

154 483 300 546 obversis
324 483 503 544 comminus
526 481 567 543 ad
589 481 768 544 ineundum
789 479 949 567 proelium
973 483 1069 543 armis
1098 481 1169 564 ipso
1189 479 1289 541 mira·

119 587 134 633 6
155 567 227 632 culo
250 568 405 631 audaciae
421 566 639 651 obstupefecit
656 568 774 630 hostes.
800 568 882 630 duos
897 580 1005 629 tamen
1023 588 1096 629 cum
1119 587 1156 628 eo
1175 565 1287 650 pudor
1343 612 1345 616 ‚

154 655 266 732 tenuit,
291 652 345 737 Sp.
369 654 522 716 Larcium
545 674 582 715 ac
604 653 640 716 T.
655 651 869 734 Herminium,
893 651 1006 716 ambos
1033 651 1139 715 claros
1162 673 1287 734 genere

119 740 322 825 tfactisque.
357 762 429 803 cum
460 739 508 802 his
531 740 668 824 primam
692 737 827 824 periculi
854 737 1032 824 procellam
1060 748 1092 800 et
1121 737 1208 822 quod
1236 751 1286 801 tu·

154 825 441 889 multuosissimum
465 847 594 910 pugnae
618 835 688 888 erat
704 847 878 910 parumper
901 826 1065 902 sustinuit3
1091 823 1208 887 deinde
1226 845 1285 887 eos

154 933 284 1010 quoque
308 913 395 997 ipsos
420 932 539 995 exigua
568 920 660 994 parte
687 912 795 995 pontis
817 910 939 987 relicta,
966 910 1197 974 revocantibus
1227 910 1286 994 qui

117 998 391 1077 srescrndebant,
430 1000 549 1061 cedere
587 999 618 1058 in
652 1007 758 1060 tutum
789 999 903 1079 coegit.
943 996 1173 1060 circumferens
1204 995 1285 1059 inde

154 1093 261 1148 truces
274 1085 442 1147 minaciter
454 1081 566 1147 oculos
583 1083 622 1144 ad
636 1105 790 1165 proceres
806 1083 1020 1146 Etruscorum
1035 1104 1121 1146 nunc
1137 1079 1285 1166 singulos

152 1190 345 1256 provocare,
368 1190 454 1232 nunc
477 1171 648 1253 increpare
672 1189 799 1232 omues:
831 1171 963 1232 servitia
986 1190 1100 1251 regum
1124 1167 1284 1253 superbo·

154 1278 233 1338 rum,
257 1277 335 1320 suae
356 1253 515 1318 libertatis
531 1257 736 1320 immemores
760 1253 898 1318 alienam
921 1266 1142 1340 oppugnatum
1158 1255 1283 1318 venire.

118 1347 139 1412 9'
153 1343 297 1405 cunctati
319 1341 520 1426 aliquamdiu
542 1350 626 1419 sunt,
650 1340 728 1403 dum
751 1339 833 1405 alius
856 1341 963 1421 alium,
992 1352 1029 1405 ut
1051 1339 1211 1424 proelium
1236 1340 1284 1402 in·

153 1429 283 1510 cipiant,
313 1428 594 1512 circumspectant.
633 1427 740 1510 pudor
767 1428 884 1490 deinde
908 1429 1082 1491 commovit
1108 1427 1221 1507 aciem,
1252 1433 1307 1489 et

154 1512 294 1578 clamore
327 1513 455 1577 sublato
486 1511 630 1596 undique
662 1512 694 1573 in
725 1535 825 1576 unum
856 1512 984 1578 hostem
1011 1511 1077 1577 tela
1107 1512 1280 1575 coniciunt.

103 1621 237 1685 10quae
269 1621 342 1663 cum
369 1601 401 1662 iu
429 1598 558 1663 obiecto
590 1609 707 1661 cuncta
738 1610 830 1662 scuto
865 1598 1055 1671 haesissent,
1087 1620 1195 1684 neque
1227 1597 1283 1660 ille

153 1687 258 1749 minus
281 1685 461 1749 obstinatus
488 1686 611 1767 ingenti
635 1695 766 1768 pontem
794 1684 954 1749 obtineret
981 1684 1094 1767 gradu,
1128 1684 1194 1746 iam
1222 1685 1282 1747 im·

153 1785 232 1858 petu
255 1770 457 1835 conabantur
487 1770 661 1835 detrudere
688 1771 805 1842 virum.
835 1793 908 1836 cum
936 1769 1033 1834 simul
1058 1771 1168 1853 fragor
1194 1771 1284 1854 rupti

152 1857 270 1943 pontis,
300 1855 394 1921 simul
424 1855 546 1920 clamor
568 1856 788 1920 Romanorum
815 1855 981 1920 alacritate
1008 1856 1143 1942 perfecti
1173 1857 1282 1940 operis

103 1959 133 2005 11
153 1941 309 2024 sublatus,
333 1963 456 2028 pavore
472 1942 578 2005 subito
601 1944 758 2026 impetum
774 1944 933 2007 sustinuit.
950 1951 1019 2007 tum
1036 1941 1152 2006 Cocles
1166 1942 1282 2026 „Tibe-

152 2031 221 2092 rine
244 2028 369 2115 pater“,
392 2029 505 2112 iuquit,
532 2039 583 2111 ,te
611 2038 722 2092 sancte
745 2051 869 2111 precor,
895 2029 977 2093 haec
1010 2051 1100 2092 arma
1132 2037 1165 2091 et
1196 2028 1282 2090 huuc

152 2114 287 2179 militem
303 2116 442 2200 propitio
465 2113 597 2178 flumine
613 2115 784 2198 accipias.“
809 2116 854 2177 ita
868 2115 915 2178 sic
930 2130 1073 2179 armatus
1096 2116 1127 2177 in
1135 2113 1283 2177 Tiberim

156 2199 285 2264 desiluit
307 2199 481 2284 multisque
505 2200 821 2285 superincidentibus
849 2200 922 2264 telis
948 2201 1117 2265 incolumis
1140 2201 1180 2264 ad
1205 2221 1281 2263 suos

153 2290 294 2351 tranavit
315 2309 385 2350 rem
408 2309 505 2350 ausus
528 2286 602 2371 plus
625 2286 729 2351 famae
754 2287 936 2350 habituram
959 2287 999 2350 ad
1019 2297 1166 2372 posteros
1184 2308 1281 2372 quam

102 2391 134 2437 12
154 2373 239 2436 fidei.
263 2383 355 2456 grata
378 2395 456 2456 erga
477 2383 600 2436 tantam
625 2373 780 2436 virtutem
803 2374 917 2436 civitas
940 2374 1013 2437 fuit:
1043 2382 1150 2437 statua
1172 2374 1204 2435 in
1229 2394 1280 2434 co·

153 2459 240 2523 mitio
274 2461 396 2544 posita3
429 2460 498 2543 agri
531 2469 686 2544 quantum
713 2481 777 2522 uuo
811 2459 863 2523 die
895 2460 1124 2524 circumaravit
1158 2459 1280 2522 datum.

102 2564 133 2611 13
152 2547 279 2630 privata
311 2566 441 2631 quoque
475 2546 559 2609 iuter
590 2542 740 2630 publicos
768 2545 907 2609 honores
939 2546 1047 2610 studia
1079 2544 1279 2609 eminebant:

152 2653 225 2692 nam
247 2632 280 2694 iu
303 2652 420 2713 magna
442 2632 551 2716 inopia
577 2653 636 2714 pro
663 2631 847 2695 domesticis
876 2633 978 2716 copiis
1005 2632 1229 2717 unusquisque
1252 2630 1282 2692 ei

152 2716 273 2801 aliquid
298 2717 452 2779 fraudans
476 2739 511 2780 se
534 2717 604 2799 ipse
626 2719 715 2780 victu
738 2740 795 2780 suo
820 2717 964 2781 contulit.

116 2825 129 2872 1
253 2801 312 2865 XI.
336 2801 496 2865 Porsinna
510 2805 613 2887 primo
630 2813 748 2866 conatu
761 2803 911 2888 repulsus
937 2802 1078 2867 consiliis
1092 2801 1134 2866 ab
1156 2823 1281 2886 oppug-

152 2888 259 2951 nanda
289 2888 371 2951 urbe
403 2888 444 2950 ad
479 2889 693 2953 obsidendam
724 2892 837 2966 versis,
870 2890 1035 2975 praesidio
1066 2889 1101 2951 in
1131 2887 1278 2952 laniculo

116 2973 256 3045 elocuto
279 2975 349 3059 ipse
372 2974 404 3036 in
427 2973 524 3058 plano
546 2976 692 3061 ripisque
714 2974 841 3039 Tiberis
876 2985 982 3039 castra
1013 2976 1123 3060 posuit
1143 2972 1282 3039 navibus

152 3061 297 3147 undique
320 3060 433 3124 accitis
458 3060 555 3124 etad
578 3061 769 3138 custodiam,
801 3084 843 3125 ne
866 3061 945 3146 quid
966 3060 1106 3124 Romam
1127 3060 1280 3124 frumenti

153 3145 290 3209 subvehi
314 3148 446 3228 sineret,
481 3156 514 3210 et
535 3156 571 3210 ut
598 3148 792 3233 praedatum
814 3147 933 3211 milites
965 3157 1053 3211 trans
1077 3147 1198 3211 flumen
1222 3168 1282 3232 per

116 3234 339 3296 aoccasiones
362 3231 431 3295 aliis
455 3244 554 3319 atque
578 3233 649 3298 aliis
679 3233 760 3297 locis
794 3234 983 3315 traicerent3
1014 3233 1176 3319 brevique
1198 3233 1282 3296 adeo

153 3317 303 3382 infestum
328 3341 459 3384 omnem
481 3320 663 3384 Romanum
685 3341 800 3403 agrurn
823 3320 977 3392 reddidit,
1015 3332 1052 3384 ut
1082 3342 1147 3384 nou
1172 3331 1283 3383 cetera

154 3402 257 3466 solum
280 3427 323 3468 ex
345 3407 441 3488 agris,
474 3406 533 3470 sed
565 3428 667 3490 pecus
699 3427 830 3491 quoque
862 3427 957 3469 omne
991 3406 1024 3467 in
1058 3405 1175 3470 urbem
1209 3428 1284 3471 con·

154 3488 339 3573 pelleretur,
362 3513 470 3577 neque
495 3492 666 3577 quisquam
690 3502 782 3555 extra
799 3501 911 3577 portas
926 3490 1114 3577 propellere
1134 3491 1281 3555 auderet.

116 3577 218 3638 thoc
239 3584 365 3640 tantum
388 3575 539 3641 licentiae
563 3579 710 3642 Etruscis
744 3601 809 3642 non
839 3587 928 3642 metu
959 3580 1062 3661 magis
1086 3600 1185 3663 quam
1208 3599 1282 3642 con-

154 3660 225 3724 silio
250 3684 451 3727 concessum.
476 3685 617 3747 namque
640 3664 791 3729 Valerius
816 3663 939 3745 consul,
962 3665 1105 3737 intentus
1129 3665 1161 3727 in
1193 3685 1283 3728 occa·

154 3749 277 3811 sionem
300 3748 420 3811 multos
444 3748 587 3813 simulet
608 3750 728 3814 effusos
745 3751 910 3835 inproviso
926 3750 1108 3829 adoriundi,
1124 3750 1157 3814 iu
1172 3751 1283 3836 parvis

152 3833 252 3896 rebus
275 3833 452 3918 neglegens
475 3834 561 3898 ultor
583 3859 717 3919 gravem
749 3858 783 3899 se
815 3836 858 3899 ad
885 3837 1010 3900 maiora
1032 3837 1196 3902 vindicem
1219 3857 1283 3900 ser·
