2738 4146
83 127 124 185 40
341 140 448 188 LIBER
466 140 487 189 1.
507 138 582 189 CdP.
601 140 642 189 45.
661 141 704 190 48.
723 137 756 206 [a
775 140 808 190 U.
827 154 850 192 o.
870 137 1026 207 tto-2201.

133 313 229 375 armis
246 311 429 391 videbatur,
454 313 509 373 uni
529 333 563 374 se
587 332 628 373 ex
644 309 771 374 Sabinis
795 311 860 374 fors
878 311 956 374 dare
971 312 1042 375 risa
1054 319 1104 376 est
1126 314 1261 398 privato

99 397 266 463 tconsilio
299 399 426 482 imperii
456 397 670 481 reciperandi.
706 397 764 460 bos
796 398 828 458 in
861 395 989 460 Sabinis
1021 407 1098 461 nata
1129 400 1264 465 cuidam

132 485 217 569 patri
240 484 379 546 familiae
411 483 528 545 dicitur
552 483 699 545 miranda
731 483 950 561 magnitudine
979 504 1017 546 ac
1039 486 1162 568 speei03
1198 486 1267 550 fixa

132 592 192 654 per
214 568 331 641 multas
363 577 486 632 aetates
510 590 631 631 cornua
662 570 693 630 in
715 567 877 632 vestibulo
909 568 1021 654 templi
1044 569 1172 635 Dianae
1195 593 1264 636 mo·

98 665 320 720 onumentum
355 656 383 717 ei
407 654 497 717 fuere
520 652 683 718 miraculo.
716 654 836 735 habita,
869 663 905 717 ut
928 665 1006 735 erat,
1038 677 1090 720 res
1121 658 1264 743 prodigii

132 740 203 804 loco
228 753 290 821 est,
315 751 346 804 et
370 741 517 803 cecinere
540 749 643 814 vates,
668 741 758 803 cuius
783 741 920 804 civitatis
944 762 1015 804 eam
1039 742 1117 806 civis
1133 741 1264 808 Dianae

132 826 341 906 immolasset,
369 826 414 889 ibi
429 825 498 889 fore
520 827 708 911 imperium,
731 827 830 912 idque
846 848 976 890 carmen
999 840 1197 912 pervenerat
1220 831 1264 894 ad

100 915 308 980 santistitem
330 913 395 974 fani
419 912 552 975 Dianae.
589 911 736 989 Sabinus,
770 921 805 974 ut
826 914 931 996 prima
962 930 1039 998 apta
1071 913 1139 978 dies
1164 917 1263 980 sacri-

133 999 204 1063 ficio
222 1000 291 1062 visa
307 1008 365 1079 est,
389 997 506 1062 bovem
524 997 659 1060 Romam
676 1008 780 1060 aetam
798 998 930 1061 deducit
946 1000 986 1060 ad
1003 999 1115 1063 fanum
1130 999 1261 1067 Dianae

133 1096 166 1149 et
187 1094 260 1147 ante
285 1106 375 1147 aram
398 1085 517 1147 statuit.
548 1083 593 1146 ibi
617 1085 750 1146 antistes
775 1082 950 1166 Romanus,
975 1107 1047 1148 cum
1072 1106 1147 1149 eum
1170 1108 1262 1172 mag·

131 1171 243 1233 nitudo
275 1171 426 1234 victimae
461 1167 625 1232 celebrata
652 1170 738 1232 fama
760 1171 923 1246 movisset,
956 1192 1080 1233 memor
1112 1175 1262 1257 responsi

132 1255 288 1320 Sabinum
304 1257 348 1318 ita
364 1254 564 1339 adloquitur:
585 1256 758 1340 „quidnam
775 1263 819 1335 tu,
838 1255 966 1339 hospes,
991 1256 1130 1341 paras‘?“
1155 1259 1263 1343 inquit

133 1344 273 1424 „inceste
304 1341 494 1404 sacrificium
522 1342 644 1403 Dianae
672 1340 800 1403 facere?
833 1344 908 1425 quin
933 1352 967 1405 tu
990 1352 1065 1406 aute
1087 1344 1162 1407 vivo
1187 1366 1261 1430 per·

98 1429 277 1497 rfumleris
299 1425 452 1491 flumine?
484 1427 592 1489 infima
619 1425 705 1490 valle
736 1425 888 1511 praefluit
910 1426 1069 1490 Tiberis.“
1102 1428 1262 1513 religione

130 1524 235 1577 tactus
259 1513 389 1597 hospes,
414 1515 468 1596 qui
493 1515 607 1593 omnia,
641 1522 677 1575 ut
698 1512 848 1596 prodigio
871 1514 1085 1597 responderet
1113 1526 1260 1599 eventus,

131 1612 266 1684 cuperet
288 1601 348 1662 rite
371 1599 464 1680 faeta,
498 1611 604 1661 extem
630 1598 660 1661 lo
685 1599 852 1661 descendit
885 1599 927 1661 ad
950 1597 1102 1683 Tiberim.
1135 1602 1262 1666 interea
1330 1654 1335 1665 .

130 1686 293 1749 Romanus
309 1683 453 1747 immolat
470 1684 594 1747 Dianae
608 1621 739 1746 bovem.
764 1684 795 1753 id
814 1685 893 1747 mire
916 1695 1045 1767 gratum
1067 1687 1137 1768 regi
1160 1697 1261 1772 atque

125 1772 253 1834 'civitati
275 1772 343 1834 suit.

96 1881 106 1925 1
233 1856 353 1919 XLVI.
370 1856 502 1919 Servius
519 1877 715 1940 quamquam
738 1857 801 1918 iam
816 1877 879 1919 usu
895 1854 982 1918 haud
999 1855 1098 1920 dubie
1120 1879 1260 1941 regnum

131 1943 330 2026 possederat,
363 1951 481 2018 tamen,
515 1942 591 2026 quia
622 1941 785 2003 interdum
816 1943 928 2004 iactari
958 1962 1058 2006 voces
1090 1964 1109 2005 a
1140 1945 1260 2010 iuvene

130 2028 306 2112 Tarquinio
343 2026 497 2090 audiebat
533 2049 568 2090 se
603 2027 728 2090 iniussu
761 2025 876 2111 populi
905 2049 1052 2110 regnare,
1088 2029 1260 2096 conciliata

131 2115 219 2198 prius
242 2112 409 2178 voluntate
431 2111 535 2197 plebis
559 2133 636 2194 agro
655 2122 749 2197 capto
773 2135 816 2176 ex
840 2113 987 2176 hostibus
1009 2115 1130 2178 viritim
1154 2115 1259 2181 diviso

129 2223 226 2263 ausus
251 2209 300 2263 est
321 2198 406 2262 ferro
430 2198 469 2260 ad
494 2197 661 2283 populum,
684 2197 806 2262 vellent
828 2198 1021 2262 iuberentne
1044 2223 1079 2264 se
1101 2223 1259 2284 regnare3

128 2295 284 2370 tantoque
308 2306 475 2364 consensu,
508 2294 627 2367 quanto
660 2283 747 2348 haud
771 2285 942 2370 quisquam
965 2284 1046 2349 alius
1079 2296 1163 2367 ante,
1197 2312 1260 2354 rex

95 2381 178 2434 aest
211 2371 403 2434 declaratus.
436 2392 543 2455 neque
578 2392 617 2434 ea
648 2392 699 2433 res
729 2371 906 2455 Tarquinio
941 2394 1033 2456 spem
1067 2372 1256 2440 adfectandi

128 2459 219 2540 regni
242 2459 369 2536 minuit,
403 2459 499 2520 immo
533 2479 571 2521 eo
607 2458 781 2541 inpensius,
806 2458 881 2541 quia
905 2457 945 2520 de
970 2480 1047 2541 agro
1071 2457 1177 2544 plebis
1200 2461 1256 2524 ad·

128 2564 225 2607 versa
246 2554 376 2629 patrum
399 2541 570 2631 voluntate¹
589 2552 735 2606 senserat
758 2545 819 2625 agi,
845 2544 1034 2606 criminandi
1051 2543 1145 2609 Servi
1168 2549 1257 2631 apud

128 2639 236 2714 patres
261 2629 494 2714 crescendique
526 2631 673 2692 incuria
702 2628 764 2692 sihi
798 2630 999 2693 occasionem
1032 2630 1142 2694 datam
1165 2641 1258 2697 ratus

129 2726 187 2795 est,
220 2724 252 2778 et
282 2717 354 2798 ipse
384 2716 509 2778 iuvenis
542 2714 684 2777 ardentis
716 2716 813 2778 animi
837 2724 868 2778 et
901 2716 987 2778 domi
1022 2738 1125 2780 srxore
1149 2717 1257 2782 Tullia

94 2802 307 2885 sinquietum
330 2801 470 2863 animum
500 2797 692 2862 stimulante.
725 2799 798 2864 tulit
828 2802 912 2864 enim
945 2813 978 2864 et
1000 2802 1144 2865 Romana
1166 2806 1257 2887 regia

129 2885 260 2950 sceleris
275 2887 391 2970 tragici
414 2884 611 2968 exemplum,
634 2895 670 2948 ut
685 2887 792 2949 taedio
816 2908 930 2969 regum
945 2889 1102 2951 maturior
1125 2890 1254 2955 veniret

128 2972 261 3036 libertas
292 2972 506 3055 ultimumque
539 2994 675 3055 regnum
707 2981 802 3052 esset,
846 2974 931 3056 quod
966 2973 1090 3037 scelere
1125 2985 1256 3058 partum

62 3058 221 3122 -.4foret.
259 3057 313 3121 hic
344 3058 380 3120 L.
415 3057 609 3142 Tarquinius
644 3092 684 3102 -
720 3059 822 3121 Prisci
860 3058 1016 3145 Tarquini
1048 3061 1133 3143 regis
1173 3061 1257 3129 lilius

129 3166 273 3230 neposne
304 3144 409 3224 fuerit,
445 3165 560 3227 parum
592 3142 707 3227 liquet,
746 3142 894 3228 pluribus
928 3158 1036 3210 tamen
1070 3148 1257 3221 auctoribus

129 3229 231 3294 filium
254 3231 412 3294 ediderim
436 3266 476 3274 -
499 3229 631 3294 fratrem
654 3229 813 3293 habuerat
835 3229 1010 3294 Arruntem
1033 3232 1258 3318 Tarquinium,

94 3333 109 3378 5
130 3318 214 3380 mitis
238 3317 357 3398 ingenii
381 3318 540 3379 iuvenem.
565 3314 614 3378 his
631 3315 768 3394 duobus,
793 3327 827 3380 ut
845 3326 919 3379 ante
944 3318 1065 3381 dictum
1090 3334 1148 3400 est,
1174 3320 1258 3386 duae

129 3401 265 3481 Tulliae,
288 3403 374 3485 regis
397 3400 493 3475 tiliae,
518 3412 704 3487 nupserant,
729 3413 761 3464 et
783 3404 873 3484 ipsae
897 3402 993 3486 longe
1018 3405 1166 3487 dispares
1190 3429 1257 3470 mo·

63 3493 66 3498 '
129 3488 229 3552 ribus.
253 3487 396 3550 forteita
419 3486 586 3563 inciderat,
611 3509 651 3550 ne
667 3487 731 3550 duo
747 3487 888 3552 violenta
904 3490 1032 3572 ingenia
1056 3493 1259 3557 matrimonio

130 3575 349 3656 iungerentur,
372 3574 511 3654 fortuna,
543 3573 652 3652 credo,
675 3572 787 3657 populi
811 3575 955 3656 Romani,
989 3598 1051 3661 quo
1077 3577 1259 3644 diuturnius

131 3659 225 3724 Servi
257 3681 392 3742 regnum
425 3671 511 3723 esset
548 3661 765 3744 constituique
797 3662 934 3724 civitatis
972 3684 1077 3726 mores
1117 3678 1259 3747 possent.

95 3744 313 3829 sangebauu·
348 3746 442 3808 ferox
473 3744 580 3808 Tullia
611 3743 690 3807 nihil
725 3748 879 3811 materiae
908 3749 941 3810 in
972 3749 1041 3812 viro
1075 3749 1183 3835 neque
1214 3753 1255 3814 ad

129 3832 341 3914 cupiditatem
359 3853 465 3917 neque
482 3831 521 3894 ad
539 3832 710 3894 audaciam
735 3853 819 3913 esse,
843 3842 911 3896 tota
927 3835 959 3896 in
982 3833 1118 3899 alterum
1143 3858 1260 3902 aversa
