2738 4146
412 159 521 208 LIBER
538 161 559 210 Ι.
582 159 657 209 CAP.
677 163 717 211 13.
739 164 778 210 14.
800 160 831 227 [a.
846 160 877 210 U.
891 177 913 211 o.
934 163 1027 229 1—371
1269 148 1310 206 13

130 328 176 391 ita
198 332 362 414 geminata
377 332 468 413 urbe,
493 342 529 396 ut
544 332 672 397 Sabinis
688 343 796 395 tamen
812 331 932 418 aliquid
951 333 1093 413 daretur,
1118 331 1261 412 Quirites

130 437 150 478 a
173 414 313 481 Curibus
337 416 500 503 appellati.
526 430 770 483 monumentum
794 421 863 481 eius
880 441 1019 502 pugnae,
1042 419 1100 482 ubi
1119 421 1261 504 primum

132 523 174 564 ex
196 503 360 586 profunda
383 526 527 568 emersus
550 505 670 588 palude
694 527 797 591 equus
813 503 961 569 Curtium
976 507 1009 567 in
1030 506 1116 569 vado
1140 506 1261 586 statuit,

131 587 277 652 Curtium
301 589 407 653 lacum
430 590 644 674 appellarunt.
797 590 798 593 ’

236 675 289 738 Ex
312 674 397 740 bello
419 687 487 740 tam
509 678 591 741 tristi
614 676 699 742 laeta
721 687 856 762 repente
879 698 946 761 pax
966 678 1109 739 cariores
1125 675 1261 740 Sabinas
1291 693 1309 741 6

132 760 210 823 viris
233 783 272 825 ac
295 763 484 846 parentibus
509 772 540 827 et
563 772 636 826 aute
659 784 770 826 omnes
787 762 923 826 Romulo
948 763 1010 847 ipsi
1032 762 1118 826 fecit.
1141 764 1261 848 itaque,

133 869 207 909 cum
240 848 395 932 populum
427 850 459 911 in
492 850 597 912 curias
628 850 759 931 triginta
791 849 961 926 divideret,
993 848 1124 910 nomina
1151 870 1262 911 earum

133 934 232 996 curiis
255 935 405 1019 inposuit.
438 935 470 997 id
494 958 559 998 non
582 936 728 1008 traditur,
764 957 835 998 cum
860 933 947 996 haud
972 933 1070 997 dubie
1098 933 1263 1019 aliquanto
1292 951 1308 999 7

134 1041 289 1082 numerus
313 1022 416 1085 maior
438 1020 501 1084 hoo
524 1020 695 1085 mulierum
718 1021 824 1100 fuerit,
849 1030 955 1084 aetate
986 1041 1028 1082 an
1052 1019 1263 1102 dignitatibus

134 1107 200 1167 suis
223 1107 432 1192 virorumque
464 1129 505 1169 an
533 1117 619 1170 sorte
649 1105 752 1170 lectae
784 1107 856 1187 sint,
892 1127 975 1192 quae
1006 1107 1137 1169 nomina
1168 1107 1264 1168 curiis

134 1191 260 1254 darent.
285 1193 401 1256 eodem
417 1201 566 1278 tempore
582 1202 614 1256 et
629 1194 794 1256 centuriae
810 1203 875 1254 tres
893 1193 1038 1276 equitum
1061 1193 1263 1276 conscriptae
1291 1209 1309 1257 8

134 1287 224 1340 sunt:
248 1277 447 1341 Ramnenses
471 1279 511 1342 ab
527 1278 675 1359 Romulo,
699 1278 740 1341 ab
756 1279 793 1341 Τ.
809 1277 902 1342 Tatio
919 1278 1077 1340 Titienses
1095 1276 1263 1362 appellati3

135 1362 297 1426 Lucerum
321 1366 459 1428 nominis
491 1376 523 1428 et
550 1366 681 1447 originis
715 1386 813 1427 causa
842 1365 965 1427 incerta
997 1374 1055 1426 est.
1092 1364 1168 1426 inde
1200 1386 1264 1427 non

135 1450 231 1513 modo
249 1471 428 1527 commune,
441 1451 498 1513 sed
511 1471 645 1514 concors
656 1452 751 1514 etiam
764 1472 898 1532 regnum
914 1450 1041 1513 duobus
1053 1449 1185 1528 regibus
1194 1450 1262 1512 fuit.
1274 1483 1318 1530 'x

237 1534 329 1596 XIV.
353 1536 431 1599 Post
453 1536 575 1621 aliquot
598 1559 697 1600 annos
719 1537 893 1621 propinqui
924 1537 1010 1618 regis
1032 1536 1117 1598 Tatii
1138 1533 1262 1618 legatos
1292 1555 1306 1601 1
1329 1612 1330 1615 Ἴ

133 1619 346 1683 Laurentium
362 1621 502 1707 pulsant,
520 1645 659 1707 cumque
674 1623 857 1686 Laurentes
872 1623 942 1684 iure
957 1622 1101 1704 gentium
1118 1631 1260 1704 agerent,

134 1705 222 1789 apud
246 1707 376 1770 Tatium
399 1709 503 1790 gratia
525 1731 656 1772 suorum
680 1720 712 1772 et
734 1706 945 1793 precesplus
973 1717 1132 1792 poterant.
1165 1709 1264 1791 igitur
1291 1713 1309 1759 2

134 1790 263 1854 illorum
286 1815 424 1877 poenam
448 1795 480 1856 in
504 1817 540 1857 se
562 1795 674 1875 vertit,
697 1817 770 1857 nam
792 1794 919 1873 Lavini,
944 1815 1018 1856 cum
1042 1793 1083 1855 ad
1107 1791 1263 1856 sollemne

134 1878 328 1941 sacrificium
352 1903 390 1944 eo
414 1881 567 1959 venisset,
596 1901 755 1943 concursu
770 1880 854 1951 facto
875 1879 1075 1942 interficitur.
1099 1901 1169 1942 eam
1195 1901 1262 1942 rem
1288 1885 1306 1933 3

134 1965 238 2026 minus
262 1987 369 2047 aegre,
402 1988 499 2051 quam
533 1967 664 2049 dignum
697 1976 775 2046 erat,
808 1963 919 2028 tulisse
943 1965 1114 2028 Romulum
1145 1965 1262 2046 ferunt,

134 2072 192 2112 seu
224 2049 266 2114 ob
298 2038 429 2114 inffdam
464 2052 651 2115 societatem
684 2053 785 2135 regni,
824 2073 881 2114 seu
915 2053 992 2136 quia
1022 2050 1110 2113 haud
1149 2051 1263 2113 iniuria

134 2157 262 2198 caesum
287 2137 451 2200 credebat.
489 2139 599 2222 itaque
628 2137 714 2202 bello
736 2137 867 2222 quidem
891 2137 1059 2218 abstinuit,
1096 2145 1133 2199 ut
1155 2147 1263 2200 tamen

133 2223 343 2304 expiarentur
366 2221 547 2305 legatorum
562 2225 696 2286 iniuriae
711 2226 864 2308 regisque
887 2223 1016 2304 caedes,
1039 2223 1155 2286 foedus
1179 2223 1277 2286 inter-

132 2307 268 2390 Romam
290 2308 527 2395 Laviniumque
551 2310 649 2373 nrbes
671 2324 864 2373 renovatum
888 2319 946 2372 est.
1280 2343 1302 2384 ς

236 2394 280 2456 Et
303 2417 376 2457 cum
399 2395 448 2458 his
473 2395 605 2480 quidem
627 2396 792 2478 insperata
820 2417 884 2479 pax
916 2403 1001 2474 erat3
1039 2393 1127 2456 aliud
1158 2392 1259 2456 multo
1288 2400 1307 2448 4

133 2479 266 2564 propius
290 2489 387 2566 atque
403 2481 435 2543 in
450 2482 528 2565 ipsis
545 2503 647 2566 prope
673 2483 775 2566 portis
800 2480 922 2544 bellum
945 2489 1060 2543 ortum.
1085 2479 1260 2542 Fidenates

133 2565 227 2628 nimis
250 2567 372 2629 vicinas
394 2589 498 2651 prope
530 2589 565 2630 se
594 2567 822 2631 convalescere
855 2589 934 2651 opes
967 2567 1039 2646 rati,
1071 2568 1260 2650 priusquam

132 2660 255 2714 tantum
279 2651 406 2715 roboris
431 2662 526 2731 esset,
550 2664 704 2739 quantum
720 2653 865 2716 futurum
886 2651 1075 2737 apparebat,
1100 2661 1261 2736 occupant

132 2735 252 2801 bellum
277 2737 395 2801 facere.
419 2740 586 2803 iuventute
610 2749 736 2802 armata
759 2739 903 2801 immissa
919 2748 1066 2801 vastatur
1086 2738 1156 2821 agri
1172 2738 1258 2822 quod
1319 2763 1321 2766 ⁴

132 2823 216 2886 inter
238 2824 353 2887 urbem
385 2847 422 2888 ac
444 2825 585 2888 Fidenas
617 2836 675 2888 est.
713 2825 788 2888 inde
822 2825 863 2887 ad
897 2823 1023 2887 laevam
1056 2825 1153 2906 versi,
1186 2824 1260 2908 quia
1288 2832 1305 2879 5

133 2909 248 2970 dextra
270 2910 399 2973 Tiberis
423 2911 564 2988 arcebat,
599 2933 672 2974 oum
704 2933 822 2994 magna
843 2911 1059 2995 trepidatione
1083 2911 1259 2992 agrestium

131 2994 337 3078 populantur,
374 2997 596 3081 tumultusque
623 3019 741 3081 repens
765 3019 807 3060 ex
829 3000 915 3080 agris
946 2998 979 3059 in
1006 2996 1119 3059 urbem
1143 2994 1260 3057 inlatus

131 3101 191 3163 pro
215 3083 326 3145 nuntio
349 3081 419 3144 fuit.
445 3085 571 3145 excitus
587 3081 745 3146 Romulus
772 3119 811 3128 -
833 3103 939 3168 neque
963 3084 1048 3145 enim
1072 3081 1258 3144 dilationem
1287 3091 1305 3140 6

131 3167 198 3250 pati
220 3176 286 3229 tam
308 3168 450 3231 vicinum
473 3167 595 3232 bellurn
610 3178 739 3254 poterat
754 3204 795 3214 -
813 3170 994 3231 exercitum
1011 3168 1129 3240 educit,
1155 3175 1260 3229 castra

131 3274 150 3313 a
172 3251 305 3315 Fidenis
328 3253 415 3317 mille
438 3277 592 3338 passuum
616 3256 714 3319 locat.
737 3254 783 3318 ibi
807 3255 935 3318 modico
958 3253 1120 3338 praesidio
1143 3250 1256 3314 relicto
1287 3265 1302 3313 7

131 3360 282 3420 egressus
305 3339 453 3403 omnibus
479 3341 581 3425 copiis
604 3350 729 3425 partem
754 3339 890 3402 militurn
915 3340 996 3403 locis
1020 3341 1116 3418 circa,
1150 3338 1258 3401 densis

130 3424 275 3487 abditam
297 3425 455 3508 virgultis,
480 3425 626 3490 obscuris
649 3425 819 3490 subsidere
842 3428 873 3488 in
897 3426 1020 3489 insidiis
1044 3426 1155 3505 iussit,v
1185 3446 1259 3486 cum

129 3520 223 3594 parte
246 3513 367 3576 maiore
391 3523 489 3597 atque
506 3513 593 3576 omni
609 3514 754 3596 equitatu
770 3512 945 3597 profectus,
969 3512 1002 3574 id
1020 3510 1106 3596 quod
1124 3531 1258 3594 quaere-

129 3595 195 3674 bat,
221 3597 421 3661 tumultuoso
447 3608 479 3661 et
502 3600 616 3660 minaci
632 3621 751 3680 genere
774 3620 912 3682 pugnae,
936 3597 1156 3682 adequitando
1180 3597 1258 3681 ipsis

128 3705 231 3767 prope
255 3685 354 3765 portis
379 3685 506 3746 hostem
530 3685 659 3748 excivit.
686 3685 783 3767 fugae
807 3705 946 3769 quoque,
972 3699 1054 3768 quae
1078 3681 1259 3745 simulanda

129 3783 208 3848 erat,
234 3770 347 3833 eadem
373 3770 532 3856 equestris
556 3792 665 3854 pugna
682 3792 812 3833 causam
827 3772 937 3832 minus
953 3768 1148 3830 mirabilem
1166 3768 1278 3823 RQ.
1326 3830 1354 3840 ἢ

128 3863 257 3919 etcum
285 3855 371 3920 velut
403 3860 489 3923 inter
520 3881 655 3948 pugnae
684 3857 859 3946 lugaeque
892 3854 1079 3920 cons'mum
1103 3843 1308 3919 &tombam
1327 3845 1355 3883 ἱ

241 4050 247 4077 t
