2738 4146
329 140 439 190 arnna
456 141 528 193 xxr.
549 141 624 192 oar.
643 145 685 193 aa.
703 144 746 192 ar.
765 145 806 193 aa.
826 141 860 212 [a.
880 143 912 195 n.
932 161 955 195 a.
975 145 1044 212 sacy.
1219 131 1276 190 125

89 314 236 403 peditum
259 313 412 379 Hannoni
434 315 475 378 ad
498 315 696 402 praesidium
720 316 914 381 obtinendae
936 320 1077 400 regionis
1102 318 1176 383 data
1196 328 1229 383 et

90 399 174 466 mille
200 402 335 487 equites.
358 409 531 488 postquam
552 425 612 490 per
634 403 839 487 Pyrenaeum
863 401 979 468 saltum
991 405 1119 469 traduci
1135 426 1227 468 exer·
1246 421 1263 470 4

91 490 169 552 citus
195 497 247 551 est
269 497 413 573 coeptus,
436 511 612 576 rumorque
658 510 693 552 er
715 488 874 554 barbaros
896 493 1039 554 manavit
1054 492 1172 556 certior
1187 490 1229 554 de

89 572 176 639 bello
201 573 359 654 Romano,
390 575 453 638 tria
481 574 570 639 milia
599 512 675 640 inde
707 572 964 662 Oa1petancrum
1020 577 1141 642 editum
1168 579 1229 641 iter

91 669 288 725 averterunt.
313 659 483 726 constabat
501 683 566 726 non
581 670 647 726 tam
662 659 748 726 bello
764 671 868 726 motos
885 684 982 747 quam
994 599 1229 750 longinquitate

90 749 160 811 viae
183 744 504 834 inexsuperabilique
526 746 658 834 Alpium
680 750 825 813 transitu.
848 747 1021 831 Hannibal,
1045 751 1122 835 quia
1135 767 1262 815 rev0·5
1338 763 1340 767 '

91 855 164 898 care
189 840 246 897 aut
267 833 300 895 vi
321 835 461 896 retinere
499 855 555 899 eos
590 856 708 919 anceps
733 842 809 915 erat,
844 855 884 896 ne
917 842 1100 899 ceterorum
1132 839 1227 899 etiam

90 919 217 985 feroces
256 919 354 982 animi
388 920 604 1000 irritarentur,
642 943 742 1007 supra
777 929 901 1006 septem
941 919 1029 984 milia
1065 920 1264 988 hominumo

92 1005 207 1071 domos
230 1006 363 1084 remisit,
397 1027 478 1090 quos
511 1015 543 1070 et
572 1007 659 1091 ipsos
682 1009 812 1089 gravari
834 1006 946 1071 militia
968 1017 1123 1082 senserat,
1149 1005 1227 1071 Oar-

90 1102 228 1178 petanos
252 1112 383 1239 quoque
406 1089 446 1154 ab
470 1114 506 1156 se
530 1092 678 1156 dimissos
702 1091 865 1157 simulans.
1217 1150 1246 1164 ,

194 1175 322 1240 XXV.
345 1175 437 1258 Inde,
460 1199 502 1240 nc
524 1200 617 1243 mora
639 1188 735 1265 atque
759 1181 858 1242 otium
881 1181 1004 1260 animos
1032 1176 1228 1260 sollicitaret,
1251 1199 1264 1247 1

92 1286 166 1328 cum
188 1261 322 1349 reliquis
346 1265 447 1349 copiis
469 1263 675 1346 Pyrenaeum
697 1264 933 1348 transgreditur
956 1273 988 1328 et
1010 1263 1052 1327 ad
1073 1265 1229 1350 oppidum

90 1349 220 1414 Iliberri
243 1357 351 1413 castra
372 1346 467 1414 locat·
493 1348 589 1430 Galli,
614 1372 809 1436 quamquam
831 1349 945 1415 Italiae
968 1348 1090 1414 bellum
1117 1350 1265 1418 inferria

92 1434 277 1508 audiebant,
293 1444 412 1517 tamen,
436 1437 512 1520 quia
525 1439 559 1501 vi
574 1435 725 1501 subactos
740 1445 829 1501 trans
845 1436 1049 1519 Pyrenaeum
1066 1435 1229 1522 Hispanos

91 1521 177 1587 fama
199 1530 271 1586 crat
291 1521 518 1607 praesidiaque
549 1521 659 1585 valida
691 1525 838 1608 inposita,
873 1532 963 1587 metu
993 1525 1155 1587 servitutis
1187 1523 1230 1586 ad

92 1629 182 1673 arma
204 1609 401 1673 consternati
423 1607 640 1672 Ruscinonem
657 1607 778 1694 aliquot
792 1606 905 1694 populi
920 1611 1123 1673 conveniunt.
1142 1608 1228 1694 quod
1248 1618 1263 1665 3

91 1693 146 1758 ubi
168 1692 350 1757 Hannibali
380 1696 561 1758 nuntiatum
594 1704 651 1774 est,
683 1717 808 1758 moram
840 1697 943 1776 magis
976 1717 1073 1779 quam
1107 1693 1229 1759 bellum

93 1790 249 1858 metuens,
275 1789 419 1844 oratores
443 1779 484 1842 ad
507 1778 639 1863 regulos
668 1801 778 1844 eorum
811 1783 911 1844 misit:
943 1779 1094 1865 conloqui
1126 1791 1230 1844 semet

92 1868 197 1952 ipsum
220 1888 296 1930 cum
318 1867 356 1930 iis
379 1863 473 1946 velle,
497 1875 530 1930 et
551 1865 604 1930 vel
626 1864 672 1930 illi
685 1868 818 1953 propius
840 1865 1002 1930 Iliberrim
1025 1866 1228 1948 accederent,

92 1952 144 2015 vel
167 1974 203 2017 se
226 1951 445 2016 Ruscinonem
466 1973 706 2038 processurum,
729 1960 766 2015 ut
781 1974 823 2015 ex
836 1955 1019 2039 propinquo
1036 1973 1229 2035 congressus
1249 1963 1266 2010 4

92 2037 217 2103 facilior
240 2046 341 2102 esset:
364 2058 439 2102 nam
463 2047 495 2102 et
517 2047 727 2124 accepturum
743 2059 798 2102 eos
814 2041 847 2101 in
863 2047 969 2103 castra
984 2061 1043 2102 sua
1058 2061 1092 2102 sc
1108 2037 1228 2102 laetum

92 2146 151 2190 nec
175 2132 365 2188 cunctanter
388 2126 552 2212 seipsum
575 2124 618 2187 ad
647 2146 703 2188 eos
734 2134 915 2189 venturum.
950 2123 1112 2210 hospitem
1144 2126 1229 2188 enim

94 2233 127 2275 se
143 2208 282 2288 Galliae,
298 2231 364 2274 non
379 2209 507 2274 hostem
523 2209 695 2274 advenisse
710 2232 771 2275 nec
787 2213 973 2274 stricturum
990 2220 1063 2273 ante
1075 2209 1228 2293 gladium,

92 2299 201 2384 siper
224 2294 338 2361 Gallos
353 2294 459 2376 liceat,
483 2319 581 2382 quam
602 2298 635 2360 in
649 2294 777 2361 Italiam
797 2299 952 2361 venisset.
978 2306 1010 2360 et
1024 2319 1083 2382 per
1099 2299 1227 2361 nuntios
1248 2308 1264 2355 5

92 2382 224 2470 quidem
246 2381 344 2461 haec;
375 2391 412 2447 ut
433 2404 511 2446 vero
534 2380 640 2465 reguli
663 2381 833 2448 Gallorum
856 2384 969 2447 castris
1002 2383 1043 2445 ad
1065 2379 1228 2445 Iliberrim

93 2466 256 2556 extemplo
289 2470 384 2533 motis
414 2467 502 2532 haud
535 2478 668 2550 gravate
700 2467 742 2532 ad
765 2467 912 2532 Poenum
942 2476 1111 2547 venerunt,
1143 2470 1229 2555 capti

91 2554 182 2621 donis
221 2577 296 2620 cum
333 2553 419 2619 bona
454 2572 536 2640 pace
574 2556 754 2619 exercitum
789 2576 849 2642 per
880 2553 961 2619 fines
991 2576 1067 2618 suos
1098 2563 1229 2639 praeter

90 2640 309 2707 Ruscinonem
332 2641 488 2728 oppidum
509 2642 764 2706 transmiserunt.

193 2725 305 2792 XXV.
337 2724 377 2790 In
399 2724 526 2791 Italiam
556 2728 686 2790 interim
717 2725 795 2790 nibil
826 2726 911 2790 ultra
942 2747 1039 2812 quam
1066 2723 1261 2790 Hiberum1

89 2814 244 2880 transisse
267 2810 486 2877 Hannibalem
519 2835 539 2876 a
559 2811 810 2877 Massiliensium
843 2811 957 2893 legatis
988 2810 1126 2875 Romam
1156 2834 1228 2898 per-

91 2899 191 2966 latum
227 2907 305 2979 erat,
340 2921 424 2980 cum,
456 2897 593 2986 perinde
624 2920 663 2962 ac
695 2901 722 2963 si
748 2896 850 2986 Alpes
873 2901 937 2962 iam
959 2900 1135 2981 transisset,
1168 2898 1262 2963 Boia

90 2985 267 3052 sollicitatis
302 2983 495 3050 Insubribus
534 2984 725 3050 defecerunt
761 3006 826 3049 neo
862 2993 928 3048 tam
961 2983 1002 3049 ob
1036 2993 1165 3048 veteres
1195 2987 1228 3048 in

111 3070 247 3161 epulum
277 3070 458 3135 Romanum
489 3073 564 3152 iras,
597 3093 694 3157 quam
726 3070 814 3157 quod
846 3091 951 3155 nuper
983 3071 1070 3134 circa
1102 3068 1227 3133 Padum

88 3096 290 3224 Placentiam
313 3154 573 3242 Cremonamque
605 3155 747 3222 colonias
779 3159 811 3220 in
843 3179 957 3239 agrum
988 3154 1150 3219 Gallicum
1174 3154 1227 3218 de-

90 3244 203 3311 ductas
236 3265 333 3328 aegre
360 3242 576 3331 patiebantur.
591 3280 600 3303 π
614 3245 722 3329 itaque
755 3245 852 3306 armis
879 3251 1012 3328 repente
1036 3243 1172 3326 arreptis
1195 3243 1227 3304 in
1246 3257 1261 3303 3

90 3352 163 3398 eum
184 3333 293 3418 ipsum
316 3351 431 3414 agrum
452 3331 575 3417 impetu
596 3329 682 3393 facto
705 3339 828 3393 tantum
851 3330 984 3392 terroris
1009 3350 1046 3391 ac
1069 3324 1226 3391 tumultus

88 3415 245 3499 iecerunt,
268 3423 390 3480 utnon
413 3418 552 3500 agrestis
576 3416 674 3480 modo
698 3414 880 3496 multitudo,
904 3413 962 3478 scd
984 3415 1045 3499 ipsi
1067 3415 1227 3476 triumviri

88 3502 235 3584 Romani,
270 3503 325 3589 qui
351 3501 393 3566 ad
421 3524 535 3585 agrum
567 3510 724 3565 venerant
750 3501 997 3585 adsignandum,
1034 3498 1131 3562 diffisi
1153 3497 1226 3562 Pla-

90 3593 214 3656 centiae
236 3588 408 3653 moenibus
430 3588 588 3652 Mutinam
612 3587 822 3671 confugerint,
848 3586 884 3650 O.
908 3586 1067 3665 Lutatius,
1093 3582 1129 3648 O.
1152 3583 1225 3646 Ser-

88 3675 191 3758 vilius,
221 3673 267 3738 M.
293 3671 429 3738 Annius.
475 3673 596 3738 Lutatii
622 3695 741 3738 nomen
776 3673 862 3738 haud
897 3672 1031 3736 dubium
1064 3680 1126 3751 est3
1166 3690 1266 3756 pros

89 3759 194 3828 Annio
224 3759 427 3846 Servilioque
454 3760 510 3823 Μ’.
555 3758 697 3824 Acilium
731 3769 763 3824 et
795 3757 830 3823 O.
862 3757 1064 3822 Herennium
1104 3754 1226 3820 habent

90 3849 221 3936 quidam
243 3845 385 3928 annales,
419 3845 472 3911 alii
495 3846 531 3909 P.
558 3844 745 3911 Cornelium
768 3843 906 3911 Asinam
936 3853 971 3909 et
999 3840 1042 3907 (l.
1059 3842 1237 3927 Paq'u‘mm
