2738 4146
87 149 127 207 56
378 162 487 209 uisus
504 162 538 211 11.
558 160 631 210 car.
651 163 675 210 a
693 163 718 212 4.
738 159 770 227 [a.
789 161 821 210 U.
839 176 862 211 s.
880 158 949 228 casp

142 333 231 395 sione
255 333 431 418 additaque
454 332 516 394 alia
537 333 669 416 insuper
690 334 864 413 ignominia
886 331 1080 409 acciderent,
1102 329 1271 395 abdicavit

142 441 176 482 se
200 418 368 482 consulatu
390 417 556 502 rebusque
579 419 645 480 suis
672 418 820 480 omnibus
843 417 1014 480 Lavinium
1037 415 1200 479 translatis
1224 417 1268 480 ci·

98 505 240 570 nvitate
264 506 369 569 cessit.
402 503 522 566 Brutus
551 524 592 565 ex
615 519 744 567 senatus
772 501 917 566 consulto
941 501 983 565 ad
1004 501 1161 587 populum
1183 501 1267 574 tulit,

140 599 176 652 ut
211 611 320 653 omnes
352 590 547 673 Tarquiniae
579 591 683 671 gentis
715 588 827 652 exules
858 598 974 653 essent.
1006 585 1173 671 conlegam
1204 589 1269 652 sibi

141 675 277 738 comitiis
306 676 492 738 centuriatis
520 675 643 737 creavit
664 673 699 737 P.
715 674 892 755 Valerium,
916 696 979 758 quo
1003 673 1149 738 adiutore
1170 695 1268 756 reges

139 761 288 824 eiecerat.

105 849 119 896 1
241 844 302 908 III.
328 845 409 908 Cum
433 846 518 907 haud
545 848 695 931 cuiquam
717 846 749 907 in
773 845 871 908 dubio
895 855 980 909 esset
993 842 1114 908 bellum
1131 843 1172 907 ab
1186 843 1266 909 Tar·

141 933 257 1016 quiniis
273 932 450 1011 imminere,
467 932 500 993 id
517 933 647 1015 quidem
664 953 723 1016 spe
739 933 880 994 omnium
896 933 997 994 serius
1012 931 1085 1009 fuit3
1109 941 1266 1013 ceterum,

138 1018 171 1079 id
201 1017 288 1102 quod
319 1039 382 1082 non
413 1016 580 1096 timebant,
612 1037 672 1101 per
704 1015 813 1078 dolum
845 1038 883 1079 ac
915 1017 1132 1101 proditionem
1161 1038 1266 1101 prope

98 1126 114 1172 a
138 1100 272 1166 libertas
296 1104 413 1164 amissa
437 1112 495 1166 est.
520 1112 611 1165 eraut
633 1102 666 1165 in
681 1101 826 1165 Romana
848 1104 1014 1166 iuventute
1037 1101 1266 1166 adulescentes

139 1186 271 1271 aliquot,
294 1210 355 1251 neo
370 1188 392 1249 ii
413 1189 504 1251 tenui
518 1188 589 1250 loco
606 1188 676 1268 orti,
700 1209 838 1272 quorum
852 1189 885 1250 in
900 1210 999 1271 regno
1014 1186 1114 1250 libido
1131 1187 1266 1252 solutior

137 1274 252 1349 fuerat,
290 1271 444 1357 aequales
483 1272 675 1357 sodalesque
711 1271 967 1336 adulescentium
1002 1273 1263 1358 Tarquiniorum,

98 1385 114 1430 3
139 1360 266 1423 adsueti
288 1381 379 1424 more
400 1360 490 1441 regio
513 1360 635 1422 vivere.
663 1380 735 1422 eam
761 1369 830 1421 tum
858 1370 996 1445 aequato
1023 1360 1093 1421 iure
1122 1361 1266 1424 omnium

138 1445 299 1508 licentiam
331 1453 522 1529 quaerentes
554 1443 735 1507 libertatem
769 1443 905 1508 aliorum
936 1446 968 1508 in
1006 1467 1097 1508 stram
1127 1446 1264 1509 vertisse

139 1531 327 1595 servitutem
350 1531 433 1592 inter
456 1551 491 1592 se
515 1529 811 1614 conquerebantur:
848 1552 961 1612 regem
988 1530 1150 1594 hominem
1181 1553 1263 1612 esse,

138 1636 243 1700 aquo
267 1618 430 1700 impetres,
460 1614 517 1678 ubi
538 1617 598 1695 ius,
625 1615 683 1678 ubi
704 1616 820 1678 iniuria
847 1638 928 1699 opus
956 1619 1011 1699 sit3
1043 1639 1114 1680 esse
1140 1619 1265 1698 gratiae

137 1701 254 1780 locum,
287 1723 359 1765 esse
392 1700 558 1778 beneficio,
593 1710 625 1764 et
655 1702 751 1763 irasci
783 1710 816 1765 et
845 1702 1013 1784 ignoscere
1044 1724 1149 1786 posse,
1180 1705 1265 1767 iuter

97 1801 115 1848 4
138 1789 275 1851 amicum
298 1796 396 1871 atque
418 1789 580 1849 inimicum
605 1786 776 1850 discrimen
798 1808 909 1868 nosse3
932 1787 1021 1870 leges
1035 1810 1105 1851 rem
1120 1789 1264 1871 surdam,

137 1872 370 1936 inexorabilem
409 1894 489 1949 esse,
529 1870 739 1935 salubriorem
777 1871 1008 1958 melioremque
1041 1875 1130 1958 inopi
1166 1896 1264 1959 quam

136 1960 270 2044 potenti,
301 1956 381 2020 nihil
407 1955 584 2021 laxamenti
608 1980 670 2022 nec
691 1959 806 2022 veniae
832 1958 964 2040 habere,
996 1961 1023 2023 si
1049 1961 1182 2023 modum
1208 1983 1264 2024 ex-

138 2045 287 2122 cesseris3
303 2041 519 2128 periculosum
535 2044 653 2106 essein
668 2052 717 2106 tot
731 2042 879 2109 humanis
895 2045 1058 2109 erroribus
1082 2045 1152 2109 sola
1174 2048 1264 2110 inno·

96 2147 112 2192 5
137 2131 374 2194 centiavivere.
390 2131 435 2191 ita
449 2130 511 2191 iam
529 2151 587 2190 sua
602 2139 717 2214 sponte
728 2132 833 2212 aegris
842 2132 955 2194 animis
965 2129 1063 2214 legati
1075 2129 1116 2194 ab
1132 2131 1264 2216 regibus

137 2217 368 2299 superveniunt
390 2215 458 2277 sine
481 2216 642 2278 mentione
665 2215 787 2278 reditus
812 2215 896 2280 bona
919 2226 1043 2280 tantum
1065 2227 1262 2302 repetentes.

137 2323 249 2365 eorum
270 2299 374 2363 verba
400 2311 571 2384 postquam
597 2301 629 2363 in
656 2311 770 2364 senatu
798 2302 908 2366 audita
938 2314 1023 2382 sunt,
1055 2325 1115 2388 per
1142 2303 1265 2388 aliquot

136 2386 206 2450 dies
229 2407 267 2450 ea
290 2383 478 2448 consultatio
501 2387 611 2465 tenuit,
634 2408 675 2449 ne
690 2408 754 2450 non
769 2387 898 2451 reddita
912 2387 990 2452 belli
1005 2411 1112 2469 causa,
1134 2390 1264 2455 reddita

97 2492 113 2540 6
135 2471 214 2536 belli
228 2473 364 2535 materia
379 2482 410 2534 et
425 2472 644 2535 adiumentum
662 2483 778 2535 essent.
803 2474 933 2537 interim
948 2473 1047 2558 legati
1069 2474 1131 2538 alia
1145 2475 1262 2558 moliri,

137 2567 250 2643 aperte
265 2556 351 2620 bona
365 2567 549 2642 repetentes
566 2557 649 2620 clam
665 2559 867 2641 reciperandi
880 2562 974 2642 regni
989 2560 1122 2624 consilia
1137 2571 1263 2625 struere

139 2654 172 2708 et
193 2653 357 2728 tamquam
380 2642 421 2705 ad
444 2643 486 2719 id,
511 2644 598 2726 quod
621 2645 673 2725 agi
694 2644 877 2721 videbatur,
902 2646 1082 2710 ambientes
1105 2645 1263 2712 nobilium

96 2753 116 2817 p
139 2729 392 2792 adulescentium
416 2729 538 2791 animos
561 2740 787 2811 pertemptant.
817 2753 838 2794 a
865 2731 983 2817 quibus
1006 2732 1134 2816 placide
1158 2735 1262 2798 oratio

138 2823 272 2896 accepta
299 2823 357 2890 est,
389 2814 427 2877 iis
458 2813 581 2877 litteras
614 2815 653 2877 ab
683 2815 865 2901 Tarquiniis
892 2819 1033 2882 reddunt
1057 2828 1089 2882 et
1115 2819 1155 2882 de
1180 2821 1262 2882 acci·

135 2901 262 2984 piendis
285 2897 367 2961 clam
388 2909 482 2963 nocte
504 2900 536 2962 in
558 2900 673 2963 urbem
695 2903 825 2984 regibus
847 2903 1094 2989 conloquuntur.

99 3002 111 3047 1
236 2985 295 3047 IV.
319 2983 457 3047 Vitelliis
480 2984 684 3072 Aquiliisque
705 2987 858 3052 fratribus
881 2992 986 3074 primo
1011 2992 1182 3054 commissa
1210 3012 1262 3054 res

136 3081 193 3135 est.
220 3069 420 3133 Vitelliorum
443 3091 534 3133 soror
560 3072 680 3135 consuli
707 3084 809 3158 nupta
832 3076 932 3139 Bruto
960 3086 1038 3156 erat,
1067 3078 1197 3162 iamque
1220 3100 1263 3141 ex

136 3178 175 3221 eo
197 3156 400 3220 matrimonio
423 3155 647 3222 adulescentes
674 3170 765 3222 erant
786 3159 889 3242 liberi,
917 3161 1010 3224 Titus
1032 3161 1261 3247 Tiberiusque3

98 3271 113 3316 2
135 3264 190 3306 eos
214 3264 342 3329 quoque
364 3245 397 3305 in
420 3245 607 3307 societatem
631 3245 753 3307 consilii
776 3245 926 3309 avunculi
954 3248 1136 3312 adsumunt.
1166 3271 1260 3334 prae·

132 3338 224 3392 terea
246 3327 368 3414 aliquot
389 3330 513 3393 nobiles
536 3329 759 3393 adulescentes
782 3334 902 3395 conscii
925 3334 1098 3420 adsumpti,
1122 3356 1261 3419 quorum

97 3443 113 3489 3
133 3424 295 3478 vetustate
318 3417 472 3478 memoria
494 3414 582 3478 abiit.
607 3417 733 3479 interim
757 3439 828 3480 cum
851 3420 883 3481 in
906 3431 1020 3484 senatu
1035 3422 1167 3484 vicisset
1189 3444 1260 3486 sen·

135 3502 245 3581 tentia,
270 3522 351 3585 quae
375 3500 529 3564 censebat
550 3501 718 3565 reddenda
736 3502 829 3584 bona,
854 3526 989 3590 eamque
1004 3509 1108 3591 ipsam
1131 3529 1261 3572 causam

134 3607 245 3649 morae
272 3588 304 3647 in
331 3585 411 3650 urbe
440 3587 597 3650 haberent
624 3586 731 3670 legati,
761 3589 858 3673 quod
876 3593 1015 3672 spatium
1042 3593 1083 3655 ad
1111 3593 1262 3658 vehicula

136 3670 398 3756 comparandae
420 3672 605 3736 consulibus
629 3675 850 3757 sumpsissent,
875 3675 991 3760 quibus
1014 3700 1128 3762 regum
1151 3701 1260 3765 aspor-

133 3764 240 3819 tarent
263 3778 325 3835 res,
349 3778 443 3822 omne
466 3759 498 3820 id
523 3771 649 3844 tempus
673 3782 745 3823 cum
770 3761 941 3824 coniuratis
965 3763 1176 3830 consultando
1203 3765 1259 3830 ab·

123 3851 266 3904 sumunt
287 3842 506 3928 evincuntque
528 3846 687 3919 instand0,
711 3856 746 3909 ut
768 3844 894 3910 litterae
918 3845 979 3910 sibi
1001 3849 1042 3912 ad
1065 3849 1259 3937 Tarquinius
