2738 4146
126 121 187 181 124
357 132 466 182 nnana
483 132 554 182 xxi.
574 132 650 182 car.
668 134 709 182 21.
728 135 769 184 aa.
789 135 830 183 aa.
849 130 885 201 [a.
904 133 936 183 u.
956 149 978 183 ο.
997 129 1069 201 sao}

176 306 242 387 gini
278 303 441 391 praesidio
480 325 561 384 esse,
599 307 717 390 partim
751 302 899 368 distribui
937 327 996 391 per
1033 303 1180 369 Africam
1214 305 1316 370 iubet.

177 388 272 453 simul
295 411 356 454 con
379 388 565 454 uisitoribus
597 393 630 453 in
653 392 797 454 civitates
821 393 925 454 missis
950 399 1101 476 quattuor
1131 391 1219 455 milia
1241 414 1317 457 con·

177 477 297 562 scripta
320 412 466 539 delectae
496 477 681 556 iuventutis,
713 476 912 562 praesidium
944 475 1077 541 eosdem
1110 486 1142 541 et
1174 477 1316 560 obsides,

178 561 253 626 duci
269 560 506 643 'Carthaginem
527 560 625 625 iubet.

143 673 157 720 1
279 646 390 710 XXIl.
413 645 529 733 Neque
552 646 743 733 Hispaniam
769 646 1008 729 neglegendam
1030 656 1129 727 ratus,
1151 661 1260 734 'atque
1282 650 1316 713 id

177 754 216 797 eo
239 735 353 813 minus,
386 733 472 819 quod
496 731 584 796 haud
615 736 747 817 ignarus
771 742 840 796 erat
862 735 1061 797 circumitam
1094 733 1135 798 ab
1159 734 1314 800 Romanis

178 841 250 882 eam
271 818 386 903 legatis
419 819 460 881 ad
484 817 703 884 sollicitandos
734 821 915 906 principum
947 821 1080 901 animos,
1111 819 1314 886 Hasdrubali

140 928 156 975 2
176 904 279 979 fratri,
303 909 372 969 viro
388 907 526 990 inpigro,
550 927 620 968 eam
636 906 837 992 provinciam
852 903 990 970 destinat
1007 905 1114 970 firmat
1136 929 1179 971 ue
1194 906 1314 972 Africis

176 993 318 1055 maxime
339 992 520 1077 praesidiis,
543 990 689 1077 peditum
709 990 864 1056 Afrorum
886 990 1038 1056 undecim
1060 991 1128 1056 mili
1152 1015 1191 1056 us
1215 995 1314 1058 octin-

177 1079 280 1160 gentis
297 1079 538 1164 quinquaginta,
554 1076 730 1160 Liguribus
745 1078 907 1146 trecentis,
918 1076 1102 1142 Baliaribus
1120 1080 1313 1164 quingentis.

142 1189 157 1236 3
177 1163 219 1225 ad
242 1162 324 1228 haec
345 1164 491 1249 peditum
513 1165 633 1227 auxilia
654 1162 756 1227 additi
779 1165 901 1249 equites
924 1162 1199 1250 Libyphoenices,
1232 1167 1313 1230 mix-

176 1258 246 1314 tum
268 1248 427 1314 Punicum
441 1248 530 1312 Afris
553 1270 665 1331 genus,
690 1248 917 1334 quadringenti
939 1251 1173 1336 quinquaginta
1197 1259 1230 1314 et
1246 1250 1313 1315 Nu·

177 1334 284 1399 midae
299 1335 479 1420 Maurique,
503 1332 634 1399 accolae
651 1332 783 1414 Oceani,
808 1334 848 1396 ad
865 1332 953 1399 mille
969 1337 1143 1419 octingenti
1159 1345 1192 1400 et
1211 1358 1314 1424 parva

177 1419 353 1504 Ilergetum
375 1443 489 1485 manus
513 1441 555 1484 ex
576 1420 743 1506 Hispania,
768 1423 904 1485 trecenti
926 1422 1059 1507 equites,
1094 1430 1134 1499 et,
1157 1443 1200 1486 ne
1225 1423 1313 1510 quod

141 1536 158 1583 4
176 1510 337 1571 terrestris
355 1505 483 1571 deesset
506 1505 616 1571 auxilii
632 1529 744 1589 genus,
769 1505 932 1593 elephanti
953 1509 1067 1590 viginti
1081 1529 1176 1572 unus.
1200 1507 1313 1574 classis

199 1603 345 1657 raeterea
368 1592 444 1656 data
459 1592 500 1655 ad
523 1592 678 1657 tuendam
693 1594 885 1657 maritimam
908 1614 1007 1671 oram,
1053 1594 1117 1676 uia,
1141 1616 1206 1680 qua
1221 1604 1313 1681 parte

176 1618 253 1743 lelli
275 1680 429 1756 vicerant,
462 1700 501 1743 ea
522 1686 592 1743 tum
615 1700 744 1764 quoque
766 1701 836 1743 rem
859 1679 1007 1761 gesturos
1030 1615 1194 1745 Homanos
1220 1681 1311 1746 credi

175 1773 314 1851 poterat,
359 1767 590 1851 quinquaginta
638 1766 897 1851 quinqueremes,
948 1764 1171 1851 quadriremes
1217 1766 1311 1847 duae,

177 1854 327 1916 triremes
354 1855 510 1937 quinque,
546 1850 602 1914 sed
626 1859 720 1937 aptae
749 1853 989 1936 instructaeque
1020 1853 1157 1935 remigio
1179 1855 1312 1937 triginta

176 1947 208 2001 et
230 1937 315 2001 duae
337 1938 586 2023 quinqueremes
610 1946 702 2000 erant
727 1946 759 2001 et
779 1939 927 2000 triremes
951 1938 1102 2023 quinque.

140 2042 156 2088 5
279 2021 330 2085 Ab
355 2020 503 2086 Gadibus
527 2019 758 2105 Carthaginem
789 2022 830 2084 ad
862 2021 1000 2086 hiberna
1022 2025 1186 2089 exercitus
1211 2025 1312 2106 redit3

175 2117 275 2194 atque
297 2108 372 2172 inde
405 2108 569 2194 profectus
602 2119 733 2194 praeter
757 2107 902 2173 Onusam
933 2107 1049 2173 urbem
1080 2109 1123 2172 ad
1149 2109 1313 2176 Hiberum

141 2223 156 2269 6
175 2216 234 2281 per
256 2196 449 2259 maritimam
472 2214 562 2259 oram
585 2194 682 2258 ducit.
705 2194 751 2259 ibi
773 2194 860 2258 fama
883 2196 985 2259 estin
1008 2196 1116 2281 quiete
1136 2197 1244 2261 visum
1270 2197 1311 2262 ab

176 2303 214 2344 eo
237 2282 388 2344 iuvenem
411 2280 520 2344 divina
543 2282 661 2366 specie,
686 2283 740 2367 qui
763 2303 798 2344 se
821 2279 862 2344 ab
884 2280 964 2345 Iove
989 2280 1113 2345 diceret
1135 2281 1256 2348 ducem
1277 2285 1312 2348 in

173 2365 300 2431 Italiam
323 2365 500 2432 Hannibali
522 2369 669 2431 missum:
691 2365 829 2453 proinde
845 2375 1036 2453 sequeretur
1050 2388 1157 2453 neque
1172 2391 1311 2455 usquam

142 2473 251 2530 7ase
284 2451 474 2518 deflecteret
501 2452 621 2518 oculos.
659 2452 815 2539 pavidum
845 2455 949 2539 primo
982 2474 1143 2539 nusquam
1174 2457 1310 2520 circum·

175 2540 365 2626 spicientem
397 2548 452 2603 ant
483 2541 711 2624 respicientem
734 2548 895 2616 secntnm3
931 2538 1049 2602 deinde
1082 2562 1162 2604 cura
1191 2543 1313 2625 ingenii

176 2624 317 2708 humani,
342 2649 426 2706 cnm,
451 2625 606 2712 quidnam
627 2625 659 2689 id
678 2636 772 2707 esset,
796 2624 882 2711 quod
900 2626 1065 2712 respicere
1079 2627 1199 2692 vetitus
1216 2635 1311 2710 esset,

54 2786 56 2792 .
140 2743 156 2790 g
174 2714 311 2794 agitaret
334 2714 450 2793 animo,
473 2722 657 2797 temperare
678 2709 779 2775 oculis
795 2712 993 2796 nequivisse,
1016 2721 1086 2776 tum
1100 2711 1223 2778 vidisse
1238 2722 1313 2800 post

175 2818 247 2862 sese
271 2807 456 2884 serpentem
486 2799 569 2861 mira
599 2796 822 2879 magnitudine
851 2819 925 2860 cum
947 2799 1071 2880 ingenti
1093 2797 1251 2864 arborum
1274 2821 1313 2866 aa

174 2882 389 2965 virgultorum
412 2893 521 2965 strage
544 2883 621 2946 ferri
644 2905 682 2946 ac
704 2892 779 2969 post
800 2884 927 2969 insequi
961 2904 1034 2947 cum
1065 2882 1197 2968 fragore
1230 2884 1312 2951 caeli

139 2968 328 3034 enimbum.
352 2978 431 3049 tum,
455 2990 538 3055 quae
570 2967 671 3033 moles
704 2990 743 3030 ea
773 2967 892 3055 quidve
923 2968 1063 3055 prodigii
1086 2979 1182 3052 essct,
1213 2994 1310 3058 quae·

174 3065 301 3119 rentem
324 3054 454 3119 audisse
475 3058 660 3120 vastitatem
683 3052 797 3118 Italiae
829 3076 915 3119 esse:
947 3065 1100 3141 pergeret
1130 3079 1230 3143 porro
1264 3061 1312 3124 ire

174 3164 235 3207 nec
256 3139 342 3205 ultra
363 3143 541 3228 inquireret
563 3143 749 3227 sineretque
770 3140 838 3205 fata
859 3143 891 3205 in
915 3139 1043 3206 occulto
1067 3162 1149 3206 esse.

140 3245 153 3290 1
277 3226 408 3290 XXIII.
444 3227 519 3292 Hoc
555 3230 627 3291 visu
664 3225 767 3291 laetus
805 3229 965 3313 tripertito
1002 3227 1164 3294 Hiberum
1202 3233 1314 3321 copias

173 3315 300 3377 traiecit
322 3315 517 3400 praemissis,
546 3315 601 3399 qui
624 3311 793 3378 Gallorum
825 3315 959 3393 animos,
992 3336 1056 3400 qua
1090 3314 1314 3385 traducendus

175 3401 337 3464 exercitus
362 3409 440 3475 erat,
466 3399 559 3464 donis
592 3397 801 3463 conciliarent
830 3397 1025 3486 Alpiumque
1056 3403 1209 3469 transitus
1242 3427 1314 3492 spe·

176 3483 371 3549 cularentur.
396 3488 571 3567 nonaginta
594 3483 682 3549 milia
701 3485 858 3572 peditum,
875 3484 1048 3550 duodecim
1063 3484 1152 3552 milia
1168 3493 1315 3577 equitum

140 3588 155 3635 2
176 3571 334 3635 Hiberum
357 3572 509 3636 traduxit.
534 3570 692 3655 Ilergetes
714 3569 790 3634 inde
805 3570 1048 3658 Bargusiosque
1071 3581 1103 3636 et
1124 3573 1313 3644 Ausetanos

176 3666 208 3720 et
229 3656 445 3729 Lacetaniam,
471 3678 554 3743 quae
577 3656 723 3721 subiecta
738 3656 914 3741 Pyrenaeis
930 3657 1092 3723 montibus
1108 3669 1167 3744 est,
1183 3662 1316 3743 subegit

177 3764 318 3828 oraeque
341 3743 416 3807 huic
440 3746 525 3807 omni
547 3742 703 3830 praefecit
725 3742 928 3820 Hannonem,
952 3753 988 3808 ut
1009 3744 1129 3829 fauces,
1153 3770 1239 3836 quae
1254 3741 1314 3817 Hi-

126 3844 147 3887 3
166 3832 301 3909 spanias
336 3828 450 3894 Galliis
485 3831 629 3912 iungunt,
661 3831 692 3892 in
723 3838 882 3916 potestate
919 3840 1035 3894 assent
1075 3830 1192 3900 decem
1224 3836 1315 3903 milia
