2738 4146
89 116 151 173 100
322 126 430 177 omna
447 126 482 180 11.
500 125 577 179 car.
595 128 637 178 ss.
656 127 697 177 se.
716 124 750 192 [a
768 123 803 195 u.
822 140 845 175 a
862 120 1021 191 aar-2831.

99 321 113 368 1
240 299 311 364 LV.
349 298 416 363 Sub
453 297 538 362 hano
574 298 706 383 pessimi
743 295 886 381 exempli
921 296 1094 362 victoriam
1133 295 1282 363 dilectus

139 385 285 469 edicitur,
308 385 568 471 paventibusque
590 384 727 448 tribunis
750 384 819 448 sine
840 384 1076 448 intercessione
1098 381 1170 447 ulla
1200 405 1279 449 con·

99 494 115 541 s
138 471 225 536 sulas
246 495 316 536 rem
337 481 508 557 peragunt.
531 480 601 534 tum
622 492 701 535 vero
717 470 813 534 irasci
827 467 922 555 plebs
937 468 1147 535 tribunorum
1166 472 1280 555 magis

139 556 265 623 silentio
294 580 391 644 quam
418 554 587 621 consulum
614 557 748 639 imperio
777 564 810 619 et
842 555 951 619 dicere
983 564 1093 619 actum
1128 577 1206 621 esse
1235 556 1280 621 de

138 642 288 708 libertate
310 665 378 726 sua,
399 665 511 707 rursus
534 642 574 706 ad
600 644 732 728 antiqua
753 641 910 721 reditum;
935 663 1009 706 cum
1032 639 1183 705 Genucio
1208 663 1279 707 uus

139 739 298 794 mortuam
314 751 352 793 ac
368 727 529 815 sepultam
543 727 750 793 tribuniciam
765 735 972 813 potestatem.
995 724 1085 790 uliud
1102 727 1275 811 agendum

100 837 178 886 aac
209 814 429 899 cogitandum,
464 837 527 901 quo
558 813 657 878 modo
688 814 859 878 resistatur
889 811 1054 898 patribus3
1091 812 1128 876 id
1160 823 1275 879 autem

139 922 239 965 unum
261 899 428 966 consilium
452 921 533 983 esse,
556 910 592 963 ut
619 922 654 963 se
680 901 751 984 ipsa
777 898 883 984 plebs,
911 898 1042 986 quando
1071 897 1164 963 aliud
1191 899 1275 965 nihil

140 986 251 1052 auxilii
262 986 391 1070 habeat,
415 985 576 1051 defendat.
600 995 755 1071 quattuor
769 994 803 1048 et
816 986 932 1068 viginti
953 984 1086 1050 lictores
1109 1006 1276 1070 apparere

140 1073 325 1137 consulibus
353 1083 386 1137 et
413 1093 468 1137 eos
495 1073 583 1156 ipsos
610 1071 716 1156 plebis
742 1071 905 1152 homines3
936 1069 1016 1135 nihil
1051 1073 1275 1157 contemptius

140 1181 245 1244 neque
267 1158 433 1240 infirmius,
461 1159 488 1222 si
510 1160 581 1241 siut,
610 1159 666 1243 qui
692 1167 913 1236 contemnant3
945 1157 1005 1222 sibi
1038 1177 1206 1243 quemque
1233 1180 1276 1223 ea

99 1266 258 1328 ⁴smagna
288 1256 386 1332 atque
413 1244 578 1308 horrenda
607 1243 726 1308 facere.
759 1243 810 1306 his
838 1242 974 1308 vocibus
1001 1242 1057 1307 alii
1087 1240 1273 1309 alios'cum

138 1331 337 1413 incitassent,
368 1330 410 1393 ad
443 1329 641 1394 Voleronem
671 1328 856 1412 Publilium,
889 1329 930 1392 de
964 1329 1062 1415 plebe
1093 1327 1275 1414 hominem,

140 1418 225 1502 quia,
249 1417 334 1501 quod
360 1416 489 1481 ordines
513 1416 669 1498 duxisset,
691 1424 827 1499 negaret
841 1437 877 1477 se
892 1413 1028 1479 militem
1048 1415 1120 1478 fieri
1137 1414 1275 1499 debere,

98 1504 116 1553 ὃ
139 1501 233 1567 lictor
255 1504 372 1566 missus
389 1512 438 1567 est
453 1524 472 1565 a
488 1501 684 1566 consulibus.
709 1501 830 1566 Volero
847 1499 992 1586 appellat
1008 1502 1168 1566 tribunos.
1193 1523 1270 1567 cum

139 1587 259 1652 auxilio
282 1610 376 1652 nemo
401 1599 495 1672 esset,
519 1587 668 1652 consules
691 1586 823 1674 spoliari
846 1587 1011 1651 hominem
1028 1596 1061 1651 et
1075 1587 1186 1670 virgas
1211 1610 1268 1653 ex·

139 1674 243 1758 pediri
257 1674 378 1738 iubent.
405 1676 585 1760 „provoco“
609 1675 712 1760 inquit
730 1674 790 1759 ,ad
808 1671 983 1758 populum“
1008 1671 1142 1755 Volero,
1169 1695 1270 1759 „quo·

139 1762 224 1824 niam
246 1761 368 1824 tribuni
390 1761 493 1826 civem
516 1761 698 1825 Romanum
720 1762 752 1824 in
776 1770 952 1843 conspectu
975 1781 1034 1823 suo
1050 1759 1152 1841 virgis
1176 1759 1273 1824 caedi

138 1845 263 1910 malunt
286 1869 382 1931 quam
404 1848 466 1931 ipsi
487 1849 519 1909 in
543 1847 627 1910 lecto
652 1868 709 1910 suo
733 1845 861 1911 avobis
883 1844 1069 1908 t1·ucidari.“
1095 1866 1160 1930 quo
1184 1845 1270 1911 fero·

139 1933 207 1996 cius
230 1931 426 2016 clamitabat,
451 1955 488 1997 eo
503 1932 650 1996 infestius
666 1931 939 1997 circumscindere
956 1940 988 1995 et
1004 1930 1146 2016 spoliare
1161 1928 1271 1996 lictor.

98 2024 114 2072 6
140 2027 208 2081 tum
231 2017 363 2100 Volero,
396 2029 429 2082 et
456 2018 648 2104 praevalens
673 2019 744 2101 ipse
772 2027 804 2082 et
835 2016 1066 2081 adiuvantibus
1099 2015 1274 2081 advocatis

138 2103 270 2189 repulso
302 2103 428 2187 lictore,
465 2104 521 2168 ubi
555 2105 788 2188 indignantium
821 2125 880 2188 pro
919 2124 954 2166 se
986 2103 1165 2167 acerrimus
1198 2115 1272 2167 erat

139 2189 271 2270 clamor,
306 2211 344 2254 eo
371 2190 461 2253 sein
497 2190 625 2254 turbam
653 2190 921 2255 confertissimam
949 2191 1066 2275 recipit
1097 2188 1273 2253 clamitans

100 2284 115 2331 ⁷
141 2297 303 2361 ,provoco
327 2287 359 2340 et
379 2275 478 2340 fidem
500 2277 605 2361 plebis
620 2276 769 2362 imploro.
793 2277 906 2339 adeste
922 2276 1019 2358 cives,
1042 2275 1157 2339 adeste
1181 2296 1271 2339 com·

138 2361 314 2444 militones;
345 2361 423 2426 nihil
446 2373 504 2447 est,
537 2363 623 2449 quod
647 2364 829 2448 expectetis
851 2361 1009 2444 tribunos,
1038 2361 1157 2446 quibus
1185 2362 1271 2445 ipsis

95 2457 112 2505 8
137 2459 246 2513 vestro
261 2448 382 2515 auxilio
400 2471 481 2534 opus
498 2449 575 2513 est.“
593 2450 744 2513 concitati
759 2449 906 2513 homines
922 2447 1023 2513 veluti
1040 2447 1081 2511 ad
1102 2445 1269 2533 proelium

137 2557 173 2599 se
201 2536 395 2620 expediunt3
428 2535 672 2622 apparebatque
700 2557 796 2599 omne
824 2534 998 2598 discrimen
1028 2534 1159 2616 adesse,
1188 2530 1270 2595 nihil

95 2623 287 2706 ocuiquam
310 2631 458 2686 sanctum
479 2644 544 2686 non
566 2620 689 2706 publici
711 2620 790 2704 fore,
821 2641 885 2683 non
913 2621 1034 2705 privati
1068 2620 1156 2683 iuris.
1190 2618 1270 2682 huic

136 2716 245 2770 tantae
268 2709 452 2793 tempestati
476 2731 549 2772 cum
572 2730 607 2771 se
631 2706 778 2770 consules
802 2706 1002 2790 obtulissent,
1024 2704 1119 2770 facile
1136 2704 1270 2790 experti

137 2803 212 2856 suut
249 2816 363 2878 parum
396 2804 497 2858 tutam
529 2795 731 2857 maiestatem
763 2795 831 2858 sine
863 2792 986 2856 viribus
1009 2810 1101 2855 esse.
1132 2790 1272 2856 violatis

137 2877 314 2962 lictoribus,
337 2879 479 2944 fascibus
495 2880 605 2944 fractis
629 2903 646 2943 e
668 2880 739 2944 foro
762 2881 794 2942 in
819 2881 941 2958 curiam
958 2876 1199 2963 conpelluntur,
1221 2877 1272 2941 in-

87 2979 120 3027 10
138 2967 229 3048 certi,
266 2976 425 3051 quatenus
456 2965 579 3030 Volero
618 2976 789 3030 exerceret
818 2965 999 3031 victoriam.
1037 2964 1271 3029 conticiscente

138 3051 256 3116 deinde
278 3051 419 3116 tumultu
442 3074 515 3116 cum
538 3053 569 3115 iu
586 3063 733 3117 senatum
749 3053 859 3117 vocari
882 3053 1060 3134 iussissent,
1107 3058 1270 3113 ueruntur

87 3153 117 3199 11
137 3138 269 3201 iniurias
292 3161 376 3222 suas,
398 3139 465 3203 vim
492 3137 609 3224 plebis,
636 3137 810 3205 Voleronis
836 3139 1014 3203 audaciam.
1042 3160 1075 3201 m
1112 3136 1153 3199 tis
1182 3136 1269 3198 fero·

137 3225 218 3289 citer
255 3225 349 3289 dictis
381 3226 548 3290 sententiis
578 3227 687 3291 vicere
719 3227 871 3309 seniores,
903 3225 1020 3312 quibus
1056 3224 1105 3286 ira
1136 3230 1274 3308 patrum

137 3311 294 3375 adversus
317 3314 533 3377 temeritatem
555 3312 660 3396 plebis
684 3315 802 3376 certari
824 3334 889 3375 nou
913 3311 1045 3397 placuit.

98 3414 111 3461 1
240 3396 327 3462 LVI.
344 3398 541 3463 Voleronem
558 3397 709 3482 amplexa
723 3399 835 3464 favore
850 3397 945 3483 plebs
955 3395 1111 3483 proximis
1128 3392 1271 3458 comitiis

136 3483 303 3547 tribunum
330 3483 419 3569 plebi
446 3495 536 3549 creat
558 3486 590 3548 in
625 3507 699 3549 eum
731 3507 860 3565 annum,
893 3486 948 3569 qui
979 3484 1018 3548 L.
1041 3481 1207 3545 Pinarium
1230 3476 1266 3540 P.

97 3591 113 3637 2
138 3569 273 3634 Furium
296 3571 445 3635 eonsules
469 3570 591 3636 habuit.
615 3582 793 3657 contraque
817 3573 959 3635 ‹uriniurn
989 3569 1183 3655 opinionem,
1212 3563 1268 3650 qui

138 3677 213 3719 eum
239 3658 399 3721 vexandis
430 3658 546 3742 prioris
578 3658 652 3720 anni
685 3656 872 3723 consulibua
905 3657 1138 3743 permissurum
1164 3650 1269 3714 tribu·

137 3752 248 3806 natum
286 3743 475 3825 credebant,
509 3753 584 3827 post
616 3742 780 3829 publicam
820 3766 949 3809 cortisani
987 3743 1115 3827 privato
1155 3735 1268 3801 dolore

138 3826 260 3910 habito,
295 3851 337 3893 ne
368 3830 470 3894 verbo
502 3829 635 3915 quidem
666 3828 796 3895 violatis
828 3827 1028 3911 titillantibus,
1064 3826 1268 3910 rogationem
