2738 4146
387 202 499 255 ursan
514 203 562 255 iv.
579 202 656 256 car.
674 207 698 255 a.
717 207 741 255 a.
763 203 795 272 [a
813 204 846 257 u.
864 221 888 257 s
906 207 975 274 soei
1216 197 1277 255 231

93 399 184 442 mum
208 394 389 463 quemque;
413 372 587 440 Canuleios
601 374 701 459 igitur
714 373 891 463 Iciliosque
915 377 1065 442 consules
1079 378 1161 444 fore.
1183 402 1227 446 ne
1247 397 1265 448 8

91 463 126 527 id
147 461 303 549 Iuppiter
324 461 467 547 optimus
488 462 650 526 maximus
673 461 803 540 sineret,
834 463 944 547 regiae
967 465 1145 530 maiestatis
1167 464 1226 530 im·

92 548 223 638 perium
245 568 285 613 eo
307 546 470 629 recidere;
503 557 593 612 etse
615 545 754 613 milliens
776 550 952 615 morituros
974 551 1093 636 potius,
1128 574 1225 652 quam

92 645 129 700 ut
142 642 273 699 tantum
289 632 460 698 dedecoris
469 632 597 697 admitti
612 634 786 718 patiantur.
805 644 929 700 certum
945 635 1069 701 habere
1085 659 1226 701 ma1ores
1247 641 1262 689 9

94 740 237 870 quoque,
260 718 290 783 si
311 718 511 783 divinassent
533 718 743 784 concedendo
774 722 883 785 omnia
911 742 977 785 non
1010 723 1169 788 mitiorem
1192 725 1225 786 in

93 828 128 871 se
149 804 286 892 pebem
308 804 366 870 sed
389 806 588 889 asperiorem
605 803 669 870 alia
688 828 732 871 ex
745 805 816 871 aliis
837 807 999 894 iniquiora
1021 808 1225 892 postulando,

95 914 168 956 cum
190 891 299 976 prima
320 890 538 976 impetrasset,
569 890 722 974 futuram,
754 893 860 978 primo
892 893 1072 979 quamlibet
1094 895 1223 958 dimica·
1244 898 1278 946 10

93 979 218 1044 tionem
240 977 406 1042 subituros
435 975 536 1042 fuisse
558 977 676 1062 potius,
708 999 806 1064 quam
830 1001 884 1043 eas
916 979 1005 1064 leges
1027 980 1090 1045 sibi
1111 981 1224 1066 inponi

95 1070 292 1152 paterentur.
317 1063 394 1149 quia
415 1072 485 1128 tum
499 1084 692 1129 concessum
714 1064 758 1128 sit
776 1064 818 1129 de
840 1065 988 1149 tribunis,
1011 1066 1127 1131 iterum
1150 1089 1225 1131 con·

95 1171 223 1216 cessum
247 1169 333 1231 esse3
360 1148 460 1213 finem
481 1171 545 1214 non
566 1149 648 1214 fieri.
679 1170 744 1214 non
766 1150 921 1236 possein
943 1152 1059 1216 eadem
1092 1152 1223 1217 civitate
1243 1157 1274 1204 11

95 1237 243 1301 tribunos
266 1233 372 1321 plebis
395 1244 429 1300 et
449 1243 560 1320 patres
582 1256 670 1318 esse;
697 1247 754 1300 aut
775 1236 862 1301 hunc
884 1237 1032 1301 ordinem
1055 1250 1111 1302 aut
1133 1237 1223 1301 illum

96 1323 321 1408 magistratum
334 1318 517 1386 tollendum
541 1343 623 1404 esse,
646 1323 820 1409 potiusque
836 1345 909 1388 sero
949 1346 1024 1387 uam
1045 1345 1224 1411 numquam

96 1408 227 1474 obviam
261 1406 405 1472 eundum
436 1408 596 1473 audaciae
626 1409 801 1472 temeritati
826 1430 876 1473 ue.
915 1346 1004 1475 illine
1035 1421 1072 1475 ut
1103 1411 1224 1495 inpune
1243 1415 1277 1462 11

96 1497 200 1579 primo
223 1491 407 1559 discordias
438 1503 586 1559 serentes
619 1495 780 1559 concitent
803 1431 945 1559 hnitima
977 1495 1074 1579 bella,
1107 1496 1225 1560 deinde

96 1581 254 1646 adversus
276 1600 329 1663 ea,
364 1601 449 1666 quae
472 1580 719 1660 concitaverint,
750 1582 871 1645 armari
893 1583 1060 1646 civitatem
1082 1582 1225 1647 defendi-

97 1688 158 1754 que
191 1663 400 1750 prohibeant,
439 1673 473 1731 et
504 1688 578 1730 cum
608 1665 720 1731 hostes
757 1676 882 1731 tantum
915 1690 979 1732 non
1010 1669 1224 1749 arcessierint,

96 1753 259 1818 exercitus
275 1751 438 1816 conscribi
453 1752 612 1817 adversus
629 1751 740 1818 hostes
755 1775 820 1817 non
834 1755 1010 1839 patiantur,
1033 1754 1091 1819 sed
1107 1755 1226 1818 audeat

96 1837 271 1904 Canuleius
302 1838 336 1902 in
360 1849 476 1902 senatu
496 1836 648 1924 proloqui
671 1861 717 1928 se,
749 1840 811 1903 nisi
834 1861 909 1903 suas
941 1840 1033 1924 leges
1056 1850 1224 1927 tamquam
1244 1847 1276 1894 13

95 1926 228 1990 victoris
251 1932 364 2010 patres
388 1924 491 2008 accipi
507 1925 623 2007 sinant,
647 1924 802 1990 dilectum
823 1925 938 1990 haberi
959 1925 1223 2012 prohibiturum?

95 2011 171 2098 quid
195 2032 269 2076 esse
292 2008 381 2075 aliud
397 2032 495 2094 quam
510 2011 627 2074 minari
649 2033 684 2076 se
707 2012 913 2097 proditurum
929 2014 1078 2098 patriam,
1102 2034 1223 2098 oppug-

93 2098 163 2162 nari
184 2105 285 2183 atque
308 2096 382 2181 capi
405 2096 599 2182 passurum?
622 2097 700 2184 quid
724 2120 795 2162 eam
818 2119 932 2163 vocem
956 2101 1136 2164 animorum
1159 2121 1223 2165 non

94 2183 183 2270 plebi
205 2183 382 2263 Romanae,
416 2183 476 2247 sed
497 2181 627 2247 Volscis
661 2192 694 2248 et
715 2182 842 2271 Aequis
874 2195 907 2248 et
928 2185 1122 2250 Veientibus
1145 2185 1223 2249 alla·

93 2269 223 2334 turam?
245 2289 353 2333 nonne
369 2265 525 2334 Canuleio
544 2269 627 2335 duce
643 2292 678 2334 se
701 2280 888 2355 speraturos
905 2270 1101 2354 Capitolium
1125 2282 1223 2358 atque
1243 2279 1275 2326 14

93 2378 202 2421 arcem
225 2354 386 2420 scandere
414 2355 534 2440 posse?
570 2357 604 2419 ni
633 2357 783 2441 patribus
820 2356 942 2421 tribuni
974 2379 1046 2421 cum
1078 2359 1150 2421 iure
1184 2379 1223 2419 ac

94 2443 266 2508 maiestate
289 2440 445 2527 adempta
459 2441 583 2505 animos
600 2443 698 2506 etiam
715 2443 903 2528 eripuerint,
927 2442 1076 2507 consules
1091 2451 1223 2526 paratos

92 2551 163 2595 esse
196 2527 296 2592 duces
327 2528 418 2612 prius
451 2527 610 2592 adversus
641 2527 748 2592 scelus
783 2529 901 2594 civium
935 2551 1034 2614 quam
1065 2529 1223 2594 adversus

91 2613 233 2680 hostium
257 2634 356 2676 arma.

195 2698 259 2764 ΙΙΙ.
283 2697 365 2764 Cum
388 2699 530 2763 maxime
552 2698 636 2763 haee
650 2700 683 2762 in
705 2709 821 2763 senatu
843 2709 1025 2784 agerentur,
1049 2698 1224 2767 Canuleius
1243 2711 1256 2757 1

92 2809 153 2875 pro
176 2784 305 2870 legibus
328 2783 395 2848 suis
419 2794 452 2848 et
473 2785 632 2849 adversus
656 2784 807 2850 consules
829 2786 875 2849 ita
890 2785 1056 2852 disseruit:
1082 2837 1097 2871 „
1125 2798 1259 2854 uant02

91 2894 192 2960 opere
222 2892 293 2953 vos,
326 2869 481 2952 Quirites,
514 2881 758 2936 contemnerent
788 2882 908 2956 patres,
941 2895 1040 2959 quam
1071 2812 1222 2960 indignos

91 2960 260 3039 ducerent,
284 2956 340 3043 qui
354 2977 420 3019 una
436 2977 547 3021 secum
570 2957 653 3021 urbe
668 2959 753 3021 intra
776 2958 891 3022 eadem
914 2961 1044 3024 moenia
1057 2962 1222 3040 viveretis,

90 3066 192 3131 saepe
214 3042 369 3129 equidem
403 3050 532 3107 stante
555 3044 670 3109 videor
692 3045 971 3128 animadvertisse,
1002 3068 1090 3110 nunc
1112 3056 1222 3111 tamen

89 3132 243 3211 maxime,
267 3129 355 3215 quod
377 3129 460 3193 adeo
483 3138 610 3194 atroces
632 3130 666 3193 in
687 3129 745 3194 has
760 3132 946 3214 rogationes
968 3142 1096 3197 nostras
1119 3134 1221 3197 coort'

89 3227 174 3300 sunt,
199 3215 318 3303 quibus
342 3215 418 3301 quid
443 3214 532 3280 aliud
555 3238 653 3303 quam
675 3216 889 3280 admonemus
918 3218 1006 3282 cives
1028 3239 1087 3281 nos
1111 3231 1259 3282 eorumt

89 3327 161 3369 esse
185 3315 228 3384 et,
252 3303 361 3366 sinon
377 3301 509 3365 easdem
531 3324 611 3388 opes
635 3303 767 3376 habere,
794 3304 931 3368 eandem
953 3313 1061 3368 tamen
1084 3305 1221 3389 patriam

88 3387 256 3455 incolere?
289 3385 392 3452 altera
415 3388 590 3452 conubium
612 3389 763 3475 petimus,
788 3390 874 3476 quod
898 3389 1040 3455 finitimis
1064 3393 1221 3456 externis·
1240 3404 1257 3452 4

89 3498 152 3563 que
176 3474 249 3540 dari
271 3473 355 3539 solet
376 3508 420 3521 -
441 3495 501 3538 nos
535 3476 667 3562 quidem
700 3476 873 3558 civitatem,
909 3497 993 3562 quae
1027 3476 1099 3563 plus
1146 3500 1221 3540 uam

90 3561 267 3627 conubium
299 3569 359 3643 est,
396 3560 545 3625 hostibus
578 3563 675 3625 etiam
712 3562 806 3626 victis
845 3563 993 3627 dedimus
1025 3584 1082 3646 -3
1120 3500 1258 3629 cilterao

88 3647 168 3712 nihil
190 3646 270 3712 novi
290 3646 435 3729 ferimus,
458 3647 516 3746 sed
532 3647 576 3730 id,
600 3648 687 3796 quod
709 3647 822 3734 populi
845 3659 903 3727 est,
928 3649 1108 3735 repetimus
1124 3660 1222 3738 atque

89 3755 295 3821 usurpamus,
337 3742 383 3813 ut,
421 3733 540 3818 qulbus
575 3735 665 3814 veit,
702 3733 844 3819 populus
879 3736 1043 3801 Romanus
1080 3735 1222 3802 honores

89 3821 233 3886 mandet.
265 3819 344 3906 quid
376 3821 507 3883 tandem
540 3830 598 3904 est,
634 3843 691 3885 cur
713 3820 840 3886 eaelum
862 3844 901 3886 ae
920 3831 1027 3887 terras
1054 3824 1262 3901 misceant,e

88 3928 146 3970 cnr
162 3906 197 3969 r'n
217 3927 273 3968 me
292 3905 436 3990 impetus
459 3907 561 3974 modo
586 3931 695 3999 paene
718 3911 755 3977 in
769 3919 893 3976 senatu
912 3909 961 3974 sit
977 3908 1107 3985 iactus,
1120 3913 1254 3984 negent
