2738 4146
334 163 622 215 manamaur.
642 168 682 216 14.
702 168 741 215 1a.
761 169 802 215 m.
822 164 856 232 [a.
873 165 907 216 u.
927 183 947 215 ο.
968 165 1036 233 saep
1212 154 1271 212 119

93 342 239 400 ceterum
259 357 362 421 prope
392 336 610 399 necessarium
633 338 796 418 cognitum
827 338 897 423 ipso
930 347 1048 400 eventu
1076 346 1136 401 est:
1170 339 1259 403 cui4

94 421 181 484 enirn
202 420 292 505 parci
313 421 418 506 potuit
440 442 483 483 ex
503 422 553 502 iis,
582 422 636 507 qui
659 431 714 484 aut
735 420 849 485 inclusi
873 444 946 486 cum
970 422 1160 504 coniugibus
1183 445 1220 486 ac

92 503 206 569 liberis
244 505 356 570 domos
388 526 486 591 super
517 528 551 570 se
582 508 669 592 ipsos
703 516 991 570 concremaverunt
1022 516 1077 571 aut
1108 517 1211 571 armat

93 590 218 655 nullum
241 600 314 654 ante
336 589 434 654 finem
454 613 583 676 pugnae
606 613 703 676 quam
724 593 896 656 morientes
919 590 1087 656 fecerunt?

198 674 270 736 XV¹
298 674 434 761 Captum
457 676 612 762 oppidum
635 687 684 742 est
705 699 778 740 cum
800 677 920 758 ingenti
946 677 1078 762 praeda.
1111 700 1219 762 quam·
1242 697 1254 744 1

94 783 193 846 quam
214 759 369 847 pleraque
396 760 597 826 abdominis
631 761 672 825 de
694 762 852 826 industria
882 772 1034 848 corrupta
1064 772 1164 845 erant,
1189 773 1221 827 et

93 847 127 908 in
151 845 305 911 caedibus
320 847 378 910 vix
398 845 500 910 ullum
517 847 688 911 discrimen
708 848 819 911 aetatis
836 849 884 911 ira
898 847 1029 926 fecerat,
1054 856 1085 911 et
1100 848 1217 935 captivi

94 931 232 994 militum
246 931 370 1018 praeda
390 931 525 1014 fuerant,
547 942 654 996 tamen
670 941 702 996 et
717 955 758 995 ex
772 933 876 1018 pretio
892 955 1001 996 rerum
1015 932 1218 996 venditarum
1240 951 1255 994 a

95 1015 293 1101 aliquantum
333 1018 465 1081 ecuniae
483 1017 650 1082 redactum
673 1040 744 1082 esse
767 1026 892 1082 constat
922 1027 954 1081 et
984 1016 1116 1082 multam
1146 1040 1219 1104 pre-

94 1103 212 1165 tiosam
235 1041 468 1188 supellectilem
489 1112 678 1189 vestemque
700 1103 830 1167 missam
855 1101 1093 1186 Carthaginem.

201 1185 326 1251 Octavo
348 1209 469 1268 mense,
492 1211 589 1274 quam
620 1198 770 1274 coeptum
793 1191 981 1274 oppugnari,
1013 1197 1141 1274 captum
1163 1185 1256 1252 Saa

94 1281 231 1354 guntum
267 1273 399 1359 quidam
435 1275 611 1360 scripsere3
655 1274 730 1335 inde
769 1272 997 1356 Carthaginem
1032 1295 1151 1338 novam
1188 1276 1220 1336 in

92 1356 233 1421 hiberna
247 1357 464 1422 Hannibalem
480 1359 692 1438 concessisse;
716 1359 825 1443 quinto
842 1358 960 1422 deinde
978 1379 1099 1441 mense,
1123 1380 1220 1443 quam

92 1441 135 1506 ab
161 1441 356 1526 Cartbagine
378 1444 541 1529 profectus
564 1445 613 1524 sit,
646 1444 677 1505 in
699 1441 826 1507 Italiam
858 1445 1054 1530 pervenisse.
1088 1465 1170 1529 quae
1193 1445 1256 1507 sil

93 1529 140 1592 ita
171 1538 253 1609 sunt,
284 1528 356 1592 ficri
387 1550 449 1593 non
472 1531 585 1615 potuit,
618 1538 655 1593 ut
675 1528 711 1591 P.
736 1527 906 1593 Cornelius
939 1529 986 1592 Ti.
1011 1528 1219 1616 Sempronius

93 1612 244 1678 consules
266 1613 393 1693 fuerint,
429 1613 469 1678 ad
502 1637 582 1701 quos
605 1623 638 1678 et
666 1615 825 1712 principio
849 1615 1094 1700 oppugnationis
1122 1613 1220 1696 legati

95 1697 266 1781 Saguntini
288 1699 377 1764 missi
393 1700 463 1773 sint,
482 1709 513 1763 et
535 1700 591 1786 qui
605 1700 636 1762 in
653 1721 710 1763 suo
727 1708 915 1781 magistratu
937 1723 1010 1763 cum
1029 1697 1218 1780 Hannibale,

94 1783 177 1847 alter
199 1784 241 1848 ad
264 1785 413 1848 Ticinum
435 1807 572 1863 amnem,
595 1783 690 1849 ambo
714 1784 875 1869 aliquanto
897 1794 971 1870 post
997 1784 1037 1847 ad
1067 1784 1220 1848 Trebiam

92 1871 318 1956 pugnaverint
350 1879 406 1935 aut
433 1872 540 1934 omnia
572 1869 723 1934 breviora
754 1870 915 1955 aliquanto
946 1868 1046 1951 fuere,
1079 1878 1134 1933 aut
1165 1868 1256 1933 Sao

92 1963 228 2038 guntum
259 1956 418 2042 principio
449 1957 532 2035 anni,
566 1978 628 2040 quo
661 1955 697 2017 P.
732 1953 901 2020 Cornelius
930 1955 978 2018 Ti.
1011 1953 1219 2040 Sempronius

94 2039 245 2123 consules
266 2041 405 2122 fuerunt,
437 2062 500 2105 non
525 2064 581 2105 coe
606 2050 674 2104 tum
697 2042 877 2127 oppugnari
909 2049 967 2122 est,
999 2040 1057 2104 sed
1080 2049 1218 2126 captum.

92 2147 170 2189 nam
192 2127 371 2190 excessisse
393 2147 503 2212 pugna
525 2126 567 2190 ad
583 2065 737 2189 Trebiam
759 2127 791 2187 in
815 2148 932 2189 annum
956 2124 1012 2189 Cn.
1036 2123 1165 2189 Servilii
1189 2136 1254 2188 eto

94 2208 132 2274 C.
147 2209 297 2274 Flaminii
319 2233 384 2276 non
398 2221 514 2298 potest,
531 2213 606 2296 quia
621 2210 656 2275 C.
672 2209 851 2275 Flaminius
866 2211 1003 2274 Arimini
1019 2210 1219 2274 consulatum

92 2296 173 2376 iniit,
197 2306 323 2360 creatus
346 2319 366 2360 a
381 2297 429 2358 Ti.
453 2296 641 2382 Sempronio
665 2295 806 2368 consule,
830 2297 895 2381 qui,
918 2305 993 2380 post
1013 2317 1154 2381 pugnam
1177 2294 1219 2358 ad

92 2380 248 2445 Trebiam
270 2382 311 2445 ad
327 2382 483 2447 creandos
499 2381 647 2447 consules
663 2382 797 2445 Romam
820 2404 893 2446 cum
907 2382 1058 2459 venisset,
1083 2381 1219 2444 comitiis

91 2466 246 2553 perfectis
270 2467 311 2530 ad
334 2469 513 2532 exercitum
535 2468 568 2529 in
591 2466 729 2530 hiberna
750 2468 854 2528 rediit,

198 2551 289 2615 XVI.
314 2551 382 2616 Sub
416 2553 502 2615 idem
534 2551 602 2615 fere
624 2562 751 2636 tempus
784 2561 816 2614 et
837 2550 944 2632 legati,
979 2550 1034 2636 qui
1056 2549 1251 2613 redierantl

93 2635 136 2701 ab
162 2635 366 2720 Cartbagine,
396 2637 533 2702 Romam
554 2637 747 2701 rettulerunt
778 2637 885 2700 omnia
914 2633 1043 2699 hostilia
1074 2655 1155 2716 esse,
1188 2643 1220 2698 et

93 2721 229 2804 Sagunti
261 2723 425 2787 excidium
454 2724 633 2786 nuntiatum
665 2732 727 2801 est3
760 2731 932 2806 tantusque
966 2718 1060 2784 simul
1091 2739 1255 2786 maerora

91 2817 203 2895 patres
239 2809 523 2893 misericordiaque
561 2809 721 2872 sociorum
777 2816 993 2892 eremptorum
1023 2807 1154 2888 indigne
1188 2814 1220 2869 et

91 2893 202 2980 pudor
222 2914 287 2957 non
318 2893 373 2956 lati
401 2894 511 2957 auxilii
542 2903 575 2956 et
604 2894 652 2956 ira
683 2893 715 2954 in
739 2832 1018 2973 Carthaginienses
1050 2901 1219 2976 metusque

92 2979 136 3041 de
159 3001 285 3042 summa
306 3001 416 3042 rerum
438 2980 532 3064 cepit,
558 2977 647 3042 velut
669 2979 695 3042 si
718 2979 782 3041 iam
802 2978 842 3040 ad
866 2986 976 3062 portas
1000 2977 1099 3041 bostis
1124 2985 1216 3048 esset,

91 3072 130 3128 ut
150 3073 199 3128 tot
219 3085 285 3128 uno
306 3074 452 3150 tempore
474 3063 612 3127 motibus
636 3063 732 3126 animi
754 3061 874 3127 turbati
895 3063 1095 3148 trepidarent
1116 3062 1217 3142 magis

91 3172 191 3235 quam
214 3148 432 3215 consulerent:
466 3171 539 3213 nam
572 3170 676 3234 neque
700 3148 827 3212 hostem
858 3148 1015 3211 acriorem
1038 3145 1253 3209 bellicosio-3

90 3256 228 3320 remque
252 3257 362 3299 secum
377 3256 595 3316 congressum,
619 3256 679 3297 nec
701 3256 770 3297 rem
785 3233 962 3297 Romanam
984 3241 1049 3295 tam
1073 3231 1219 3294 desidem

90 3343 247 3407 umquam
268 3321 367 3385 fuisse
390 3330 485 3405 atque
508 3318 668 3383 inbellem.
694 3317 813 3383 Sardos
831 3318 1013 3402 Corsosque
1037 3326 1069 3380 et
1090 3316 1218 3380 Histros
1238 3325 1255 3371 4
1312 3376 1313 3381 ,

90 3416 189 3492 atque
222 3404 351 3491 Illyrios
388 3404 557 3469 lacessisse
588 3405 691 3485 magis
729 3427 824 3489 quam
858 3403 1042 3466 exercuisse
1075 3402 1219 3466 Romana

90 3514 192 3573 arma,
217 3500 337 3556 etcum
354 3489 455 3555 Gallis
478 3488 705 3554 tumultuatum
727 3490 834 3555 verius
859 3511 954 3574 quam
978 3487 1216 3569 belligeratum:

88 3576 238 3642 Poenum
261 3577 385 3642 bostem
407 3586 604 3656 veteranum,
628 3575 724 3639 trium
748 3584 780 3639 et
794 3575 905 3656 viginti
928 3594 1085 3636 annorum
1106 3571 1252 3635 militiae

89 3663 265 3728 durissima
300 3663 384 3726 inter
421 3660 580 3747 Hispanas
618 3670 729 3744 gentes
768 3681 895 3744 semper
932 3659 1115 3738 victorem,'
1144 3657 1218 3721 duci
1331 3654 1336 3679 ⁴

90 3750 250 3813 acerrimo
288 3747 467 3828 adsuetum,
506 3755 668 3810 recentem
706 3744 746 3808 ab
785 3744 912 3808 excidio
957 3741 1218 3828 opulentissimae

88 3833 192 3916 urbis,
224 3832 384 3898 Hiberum
405 3831 558 3914 transire;
588 3830 716 3894 trahere
748 3853 862 3896 secum
886 3837 938 3893 tot
957 3827 1088 3892 excitos
1104 3827 1228 3905 Rispa—
1284 3844 1288 3850 ·
