2738 4146
104 154 165 210 208
367 197 369 200 ψ
493 163 678 214 PERIOCHA
694 166 791 215 LIBRI
809 165 894 215 XXII.

84 377 87 382 -
104 343 136 391 12
154 331 261 398 lorum
283 355 371 419 pars,
388 333 549 398 Samnites
564 344 695 420 praeter
710 335 857 413 Pentros,
875 334 995 398 Bruttii
1011 356 1134 410 omnes,
1151 333 1284 418 Lucani,

178 428 286 484 raeter
300 418 359 483 hos
371 419 524 484 Uzentini
535 431 567 484 et
583 419 785 485 Graecorum
802 422 906 484 omnis
920 420 1024 484 ferme
1034 441 1102 504 ora,
1111 420 1285 504 Tarentini,

155 442 380 590 1101011011ἱηί,
402 505 631 571 Crotonienses
647 506 821 592 Locrique,
839 516 871 571 01
886 505 1044 591 Cisalpini
1059 529 1173 572 omnes
1191 507 1282 574 Galli.

104 603 215 656 131100
246 603 355 656 tamen
387 614 446 656 eae
477 591 589 656 clades
620 592 886 678 defectionesque
914 594 1078 657 sociorum
1105 605 1283 677 moverunt,

154 687 191 741 ut
222 678 312 763 pacis
340 700 479 764 usquam
505 679 627 743 mentio
656 679 744 764 apud
770 678 934 743 Romanos
957 678 1060 762 fieret,
1083 699 1192 766 neque
1215 690 1286 745 ante

155 763 295 828 consulis
310 764 446 830 Romam
456 765 643 845 adventum,
653 787 714 829 nec
725 776 898 850 postquam
908 765 935 827 is
947 764 1045 829 rediit
1054 767 1286 852 renovavitque

154 851 345 914 memoriam
368 861 524 936 acceptae
547 849 663 932 cladis3
687 872 751 936 quo
769 852 800 913 in
816 862 965 936 tempore
980 852 1053 936 ipso
1069 850 1154 915 adeo
1170 874 1284 936 magno

103 951 137 998 14
155 937 262 1001 animo
287 937 401 1000 civitas
423 936 491 1017 fuit,
514 946 550 1000 ut
573 935 699 1001 consuli
715 959 757 1000 ex
771 946 862 1000 tanta
877 935 981 1018 clade,
997 936 1089 1001 cuius
1104 938 1177 1022 ipse
1192 959 1288 1002 causo

154 1023 297 1086 maxima
310 1022 433 1105 fuisset,
449 1023 600 1088 redeunti
610 1031 643 1087 et
651 1022 782 1087 obviam
791 1024 873 1086 itum
881 1021 1070 1107 frequenter
1080 1022 1123 1086 ab
1137 1024 1286 1088 omnibus

155 1107 323 1172 ordinibus
346 1110 388 1172 sit
410 1119 442 1172 et
464 1110 587 1193 gratiae
611 1119 712 1192 actae,
729 1109 817 1194 quod
833 1109 926 1172 dere
942 1106 1074 1193 publica
1088 1131 1155 1173 non
1172 1109 1284 1196 despe-

154 1202 274 1274 rasset3
307 1195 362 1279 qui
393 1195 421 1257 si
452 1194 766 1275 Carthaginiensium
800 1195 918 1258 ductor
944 1193 1075 1276 firisset'
1091 1194 1174 1258 nihil
1196 1218 1283 1262 recu·

155 1280 294 1343 eandum
316 1279 467 1365 supplicii
488 1281 582 1346 foret.

593 1491 798 1501 ——-

331 1709 670 1784 PERIOCHA
698 1709 878 1782 LIBRI
905 1710 1059 1785 XXII.

206 1879 372 1944 Hannibal
396 1900 456 1964 per
473 1880 641 1942 continuas
666 1877 794 1960 vigilias
808 1880 840 1961 in
866 1878 1040 1962 paludibus
1055 1879 1152 1944 oculo
1168 1884 1286 1947 amisso

105 1968 137 2031 in
159 1967 325 2032 Etruriam
349 1966 453 2044 venit;
476 1987 536 2049 per
559 1985 639 2049 quas
661 1964 800 2048 paludes
824 1961 997 2049 quatriduo
1032 1974 1065 2029 et
1087 1966 1193 2033 tribus
1215 1991 1286 2035 noc

104 2052 192 2117 tibus
216 2053 287 2117 sine
309 2050 375 2114 ulla
397 2052 511 2134 requie
541 2051 604 2113 iter
633 2049 720 2114 fecit.
759 2049 796 2116 C.
819 2049 999 2114 Flaminius
1031 2051 1155 2134 consul,
1188 2054 1285 2119 homo
1316 2068 1319 2073 '

105 2140 307 2216 temerarius,
332 2147 445 2201 contra
467 2137 612 2222 auspicia
626 2136 802 2222 profectus,
824 2137 923 2218 signis
938 2136 1134 2201 militaribus
1151 2139 1285 2224 effossis,

105 2247 189 2310 quae
211 2222 283 2289 tolli
304 2244 369 2286 non
392 2232 552 2308 poterant,
577 2233 610 2285 et
631 2221 673 2285 ab
697 2245 792 2308 equo,
825 2243 924 2307 quem
946 2224 1194 2308 conscenderat,
1228 2249 1286 2313 per

107 2321 204 2396 caput
227 2309 409 2387 devolutus,
432 2309 556 2373 insidiis
581 2307 622 2373 ab
646 2306 830 2373 Hannibale
854 2309 1095 2374 circumventus
1110 2311 1153 2374 ad
1168 2312 1286 2378 Trasu-

105 2419 258 2462 mennum
295 2395 403 2460 lacum
436 2418 509 2459 cum
542 2396 688 2459 exercitu
720 2401 833 2459 caesus
868 2403 928 2458 est.
973 2417 1034 2459 sex
1063 2395 1165 2478 milia,
1204 2421 1286 2484 quae

105 2492 290 2570 eruperant,
322 2482 388 2546 fide
421 2481 461 2545 ab
484 2479 675 2545 Adherbale
700 2481 775 2544 data
797 2479 936 2565 perfidia
958 2480 1151 2568 Hannibalis
1179 2485 1288 2550 vincta

107 2581 189 2634 sunt.
208 2592 282 2634 cum
299 2568 340 2632 ad
356 2569 503 2632 nuntium
519 2566 620 2631 cladis
630 2567 753 2630 Romae
769 2565 874 2630 luctus
891 2578 988 2645 esset,
1007 2567 1090 2631 duae
1105 2578 1229 2635 matres
1246 2593 1287 2636 ex

105 2659 268 2741 insperato
291 2655 433 2739 receptis
455 2653 530 2716 filiis
552 2652 672 2736 gaudio
695 2663 844 2717 mortuae
868 2662 950 2717 sunt.
977 2652 1019 2716 ob
1047 2653 1132 2719 hanc
1160 2655 1286 2722 cladem

105 2764 146 2804 ex
170 2739 337 2824 Sibyllinis
360 2739 532 2805 1111111101
556 2749 684 2802 sacrum
707 2748 829 2802 votum.
854 2761 927 2802 cum
954 2737 1072 2802 deinde
1099 2738 1139 2820 Q.
1162 2741 1286 2809 Fabius

104 2826 267 2890 Maximus
291 2826 431 2891 dictator
453 2826 611 2890 adversus
634 2823 852 2889 Hannibalem
874 2825 992 2888 missus
1010 2823 1113 2891 nollet
1129 2828 1199 2892 acie
1215 2851 1288 2895 cum

66 2973 69 2977 .
106 2935 143 2976 eo
167 2911 355 2994 confligere,
387 2933 428 2976 110
461 2921 574 2976 contra
604 2911 745 2975 ferocem
768 2921 818 2975 tot
840 2911 984 2975 victoriis
1006 2909 1135 2976 hostem
1157 2917 1288 2981 territos

106 2999 252 3062 adversis
274 2996 408 3083 proeliis
431 2997 549 3062 milites
572 3018 701 3081 pugnae
726 2997 954 3073 committeret,
979 3006 1012 3061 et
1034 3000 1232 3082 opponendo
1253 3023 1287 3066 se

105 3095 230 3149 tantum
262 3094 395 3148 conatus
426 3082 620 3147 Hannibalis
650 3083 835 3168 impediret,
859 3081 905 3146 M.
936 3082 1099 3148 Minucius
1131 3088 1288 3170 magister

106 3172 261 3257 equitum,
283 3170 378 3234 ferox
401 3179 433 3234 et
454 3170 657 3249 temerarius,
681 3170 881 3234 criminando
906 3167 1098 3234 dictatorem
1120 3179 1287 3260 tamquam

105 3279 239 3340 segnem
262 3267 295 3321 et
315 3256 466 3322 timidum
489 3256 606 3338 effecit,
629 3265 667 3319 ut
687 3254 802 3340 populi
823 3256 914 3319 iussu
936 3264 1134 3340 aequaretur
1161 3260 1191 3323 ei
1214 3281 1287 3325 cum

104 3344 264 3406 dictatore
287 3343 474 3427 imperium3
513 3342 685 3427 divisoque
708 3341 856 3406 exercitu
884 3363 958 3405 cum
980 3342 1092 3427 iniquo
1115 3341 1189 3409 loco
1214 3367 1286 3410 con·

104 3429 242 3493 flixisset
264 3430 351 3492 etin
373 3428 514 3491 maximo
539 3428 723 3491 discrimine
746 3426 892 3512 legiones
924 3428 992 3491 eius
1025 3437 1144 3510 essent,
1178 3430 1287 3517 111001-

101 3515 255 3579 veniente
278 3537 351 3578 cum
377 3516 524 3578 exercitu
539 3514 644 3578 Fabio
667 3513 812 3577 Maximo
836 3512 994 3580 liberatus
1017 3522 1075 3578 est.
1099 3535 1166 3600 quo
1189 3515 1287 3582 bene·

104 3600 176 3666 ficio
207 3603 314 3666 victus
347 3609 455 3664 castra
487 3622 561 3663 cum
594 3621 634 3664 00
666 3601 770 3663 iunxit
805 3609 839 3664 01
872 3608 1000 3684 patr'em
1031 3621 1106 3664 eum
1134 3602 1289 3668 salutavit

102 3687 254 3773 idemque
276 3687 384 3752 facere
406 3685 524 3751 milites
548 3686 649 3749 iussit.
673 3682 849 3765 Hannibal,
861 3694 991 3750 'vastata
1008 3683 1190 3772 Campania
1204 3691 1288 3755 inter

102 3771 279 3836 Casilinum
311 3771 469 3858 oppidum
503 3781 536 3836 et
568 3769 759 3836 Calliculam
796 3780 941 3838 montem
979 3792 999 3835 a
1028 3770 1134 3837 Fabio
1167 3773 1286 3859 elusus,

83 3860 263 3923 sarmentis
287 3859 332 3924 ad
355 3881 480 3927 cornua
502 3857 606 3925 boum
620 3856 760 3942 alligatis
784 3869 818 3922 et
836 3858 977 3922 incensis
999 3858 1204 3941 praesidium
1224 3861 1287 3927 Ro·
