2738 4146
88 90 149 149 226
368 106 477 157 urana
488 107 536 161 1u.
557 105 632 158 cnr.
650 109 693 159 m.
711 112 753 158 sa.
773 104 806 173 [a.
825 104 858 156 u.
877 121 900 156 ο.
919 103 989 172 aoeJ.

102 292 117 343 1
240 275 314 341 LII.
354 277 420 342 Per
449 277 495 341 Μ.
529 276 698 360 Duillium,
737 278 793 365 qui
824 276 973 342 tribunus
1010 273 1119 361 plebis
1157 266 1275 351 fuerat,

141 361 263 427 certior
284 363 371 427 facta
392 363 488 449 plebs
511 364 772 430 contentionibus
795 363 940 427 adsiduis
967 359 1049 426 nihil
1072 359 1220 444 transigi,
1242 358 1283 445 in·

141 447 279 513 Sacrum
302 460 446 513 montem
469 472 512 514 ex
532 448 698 516 Aventino
721 450 836 514 transit
858 447 1052 512 adfirmante
1068 444 1194 510 Duillio
1210 465 1285 508 non

104 533 239 618 2prius,
264 556 362 621 quam
385 535 494 600 deseri
515 535 630 600 urbem
652 537 797 618 videant,
820 557 932 599 curam
954 534 1128 598 inarimos
1143 539 1276 618 patrum

141 619 387 702 descensuram3
432 622 673 686 admoniturum
711 621 846 688 Sacrum
889 629 1033 685 montem
1073 617 1277 684 constantiae

139 704 259 792 plebis,
291 708 439 788 scituros,
479 730 576 794 quam
610 709 679 773 sine
715 709 865 772 restituta
900 715 1062 790 potestate
1099 703 1277 768 tribunicia

105 801 121 846 3
139 791 246 875 redigi
267 795 301 855 in
324 792 533 857 concordiam
555 815 608 859 res
629 803 802 880 nequeant.
825 794 879 858 via
897 791 1111 875 Nomentana,
1135 791 1277 855 auitum

97 892 102 911 ⁸
140 876 307 942 ¹Ficulensi
328 900 448 943 nomen
468 879 539 955 fuit,
571 881 710 964 profecti
733 890 840 944 castra
869 879 901 941 in
929 886 1040 943 monte
1063 875 1165 943 Sacro
1187 874 1275 940 loca-

138 985 217 1028 vere
253 963 447 1029 modestiam
485 975 616 1051 patrum
653 986 786 1031 suorum
829 963 911 1027 nihil
951 961 1106 1050 uiolando
1144 962 1275 1026 imitati.

142 1057 255 1113 secuta
277 1052 457 1115 exercitum
480 1049 574 1135 plebs
596 1050 696 1134 nullo,
729 1051 785 1138 qui
818 1071 878 1136 per
908 1059 1049 1114 aetatem
1075 1049 1125 1113 ire
1147 1055 1274 1134 posset,

49 1181 56 1198 .
105 1144 347 1199 tretraotante.
392 1147 634 1223 prosequuntur
667 1139 820 1220 coniuges
856 1135 1028 1223 liberique,
1066 1134 1199 1199 cuinam
1237 1155 1276 1197 se

140 1218 364 1306 relinquerent
384 1223 418 1285 in
441 1245 480 1286 ea
501 1222 592 1305 urbe,
615 1223 648 1287 in
670 1245 737 1310 qua
762 1243 825 1287 nec
856 1222 1014 1307 pudicitia
1043 1241 1106 1285 nec
1135 1218 1276 1284 libertas

139 1316 251 1371 sancta
274 1316 369 1389 esset,
394 1308 623 1374 miserabiliter
644 1311 835 1393 rogitantes.

103 1405 119 1453 t
243 1390 326 1458 (lum
347 1403 441 1458 vasta
462 1394 587 1459 Romae
608 1397 715 1459 omnia
736 1396 864 1459 insueta
890 1391 1030 1458 solitudo
1060 1390 1205 1470 fecisset,
1239 1389 1276 1454 in

139 1477 211 1542 foro
233 1489 367 1564 praeter
387 1502 509 1564 paucos
532 1482 695 1545 seniorum
716 1502 812 1545 nemo
836 1489 931 1558 esset,
953 1478 1078 1543 vocatis
1100 1477 1214 1563 utique
1238 1476 1275 1540 in

139 1573 287 1629 senatum
309 1565 459 1650 patribus
483 1567 649 1632 desertum
677 1568 882 1655 apparuisset
910 1564 1027 1645 forum,
1059 1561 1171 1648 plures
1203 1562 1275 1626 iam

102 1665 237 1735 aquam
270 1649 426 1716 Horatius
453 1672 493 1716 ac
523 1651 675 1717 Valerius
705 1651 982 1717 vociferabantur:
1016 1649 1116 1736 „quid
1149 1669 1273 1734 expec-

138 1734 258 1818 tabitis,
291 1748 401 1821 patres
433 1737 628 1824 conscripti?
669 1741 697 1802 si
733 1738 910 1803 decemviri
940 1735 1039 1800 finem
1070 1735 1274 1820 pertinaciae

137 1844 202 1886 non
224 1821 354 1904 faciunt,
377 1845 472 1888 ruere
494 1846 533 1888 ac
557 1823 738 1908 deflagrare
761 1823 869 1887 omnia
891 1823 1020 1908 passuri
1041 1819 1142 1886 estis?
1180 1821 1274 1907 quod

138 1918 247 1972 autem
269 1909 357 1972 istud
379 1909 551 1994 imperium
576 1921 635 1987 est,
659 1910 846 1992 decemviri,
863 1909 953 1992 quod
969 1907 1113 1992 amplexi
1128 1905 1274 1971 tenetis?

102 1994 233 2059 'ltectis
256 2016 296 2058 ac
318 1995 497 2079 parietibus
519 1998 592 2060 iura
614 1996 732 2061 dicturi
755 1995 855 2060 estis?
892 2015 958 2058 non
983 1994 1087 2080 pudet
1115 1990 1272 2056 lictorum

138 2089 322 2144 vestrorum
346 2082 502 2144 maiorem
525 2104 629 2170 prope
660 2090 831 2148 numerum
853 2082 885 2144 in
906 2080 976 2144 foro
1000 2080 1147 2165 conspici
1169 2099 1274 2164 quam

137 2175 322 2249 togatorum
353 2166 512 2232 aliorum?
558 2169 647 2255 quid,
685 2169 712 2232 si
743 2167 855 2231 hostes
891 2166 935 2230 ad
969 2165 1087 2231 urbem
1123 2165 1273 2250 veniant,

136 2251 255 2315 facturi
286 2251 385 2318 estis?
431 2252 521 2339 quid,
554 2257 580 2318 si
635 2253 706 2318 lebs
737 2275 824 2335 mox,
856 2252 914 2317 ubi
943 2273 1061 2337 parum
1082 2251 1272 2317 secessione

103 2351 336 2420 amoveamur,
360 2348 485 2402 armata
506 2279 637 2404 veniatll
674 2361 832 2405 occasune
859 2338 949 2403 urbis
970 2336 1070 2403 vultis
1092 2335 1188 2401 finire
1209 2338 1272 2401 im·

136 2420 287 2510 perium?
330 2425 422 2509 atqui
455 2435 512 2490 aut
542 2425 636 2513 plebs
669 2448 735 2490 non
767 2434 817 2490 est
848 2423 1009 2506 habenda,
1044 2432 1101 2488 aut
1122 2421 1272 2487 habendi

137 2519 213 2572 sunt
234 2508 356 2573 tribuni
400 2509 493 2574 lebis.
516 2533 577 2576 nos
600 2511 693 2577 citius
716 2511 916 2576 caruerimus
938 2509 1081 2594 patriciis
1096 2509 1271 2593 magistra-

26 2640 29 2644 ι
103 2612 118 2660 9
137 2594 224 2660 tibus
241 2618 338 2680 quam
354 2533 401 2660 illi
415 2595 552 2681 plebeis.
567 2619 685 2663 novam
700 2599 969 2683 inexpertamque
984 2617 1055 2660 eam
1069 2602 1271 2682 potestatem

138 2681 287 2764 eripuere
320 2681 467 2765 patribus
498 2685 627 2765 nostris,
658 2706 700 2747 ne
730 2705 817 2748 nunc
848 2681 1019 2746 dulcedine
1050 2678 1152 2746 semel
1180 2680 1270 2766 capti

135 2766 242 2830 ferant
265 2766 473 2850 desiderium,
496 2791 571 2833 curn
592 2771 785 2856 praesertim
807 2790 869 2833 nec
888 2790 947 2833 nos
963 2778 1183 2854 temperemus
1206 2766 1269 2831 im·

87 2874 119 2922 10
137 2852 245 2937 periia
280 2855 452 2938 quominus
483 2853 530 2918 illi
552 2853 665 2919 auxilii
696 2855 844 2941 egeant.“
883 2876 956 2918 cum
987 2852 1070 2917 haec
1102 2873 1145 2916 ex
1178 2854 1271 2916 omni

136 2947 230 3023 parte
265 2938 474 3021 metarentur,
515 2940 594 3005 victi
631 2962 791 3005 consensu
835 2940 1012 3005 decemviri
1054 2937 1181 3003 futuros
1221 2960 1268 3021 se,

86 3043 116 3091 11
137 3023 267 3110 quando
299 3025 345 3088 ita
376 3026 536 3108 videatur,
572 3027 606 3090 in
642 3036 804 3111 potestate
840 3030 971 3112 patrum
1009 3024 1193 3089 adfirmant.
1233 3025 1269 3089 id

135 3109 234 3174 modo
257 3109 354 3174 simul
377 3121 471 3176 orant
492 3134 532 3176 ac
559 3122 700 3194 monent,
732 3122 769 3178 ut
790 3115 869 3200 ipsis
891 3111 933 3176 ab
955 3111 1078 3174 invidia
1099 3119 1266 3194 caveatur,

133 3217 196 3260 nec
218 3217 277 3260 suo
300 3198 457 3280 sanguine
479 3198 522 3261 ad
545 3197 705 3285 supplicia
726 3208 856 3283 patrum
876 3197 1008 3286 plebem
1031 3193 1265 3261 adsuefaciant.

100 3303 113 3351 1
237 3282 328 3347 LIII.
351 3283 435 3347 Tum
451 3282 602 3349 Valerius
622 3284 843 3370 Horatiusque
865 3284 956 3348 missi
978 3283 1019 3347 ad
1043 3281 1173 3368 plebem
1190 3304 1265 3347 con·

135 3367 315 3432 dicionibus
346 3370 464 3455 quibus
495 3371 664 3435 videretur
699 3370 918 3436 revocandam
956 3367 1265 3456 componendasque

133 3475 187 3517 res
211 3453 405 3519 decemviris
429 3477 561 3543 quoque
583 3455 626 3520 ab
648 3457 697 3520 ira
728 3465 762 3522 et
787 3457 911 3544 impetu
932 3454 1148 3519 multitudinis
1170 3475 1262 3542 prae·

99 3558 249 3606 acavere
281 3539 445 3606 iubentur.
482 3542 619 3630 profecti
649 3543 768 3626 gaudio
801 3542 925 3626 ingenti
954 3540 1060 3627 plebis
1090 3541 1122 3604 in
1158 3548 1263 3605 castra

133 3627 346 3710 accipiuntur,
381 3627 501 3716 quippe
532 3627 724 3694 liberatores
756 3629 845 3694 haud
869 3629 966 3692 dubie
989 3636 1022 3692 et
1043 3636 1150 3691 motus
1172 3625 1262 3690 initio

97 3720 167 3781 aet
189 3713 278 3776 exitu
300 3713 358 3776 rei.
382 3712 423 3776 ob
448 3714 530 3779 haec
550 3715 590 3779 iis
612 3714 860 3780 advenientibus
882 3715 1006 3799 gratiae
1029 3721 1132 3777 actae.
1152 3711 1261 3777 Icilius

121 3818 188 3881 pro
210 3797 421 3864 multitudine
453 3801 557 3867 verba
586 3800 672 3872 fauit
704 3801 804 3867 tdem,
834 3822 909 3866 cum
940 3799 983 3863 de
1014 3797 1260 3866 condicionibus
