2738 4146
330 133 443 186 uranu
458 135 543 184 xxu
562 133 638 184 err.
658 137 699 185 ³1.
718 137 761 185 sa.
781 132 814 200 [a.
833 133 866 186 u
884 149 907 184 ο.
927 133 995 201 sau.
1217 122 1278 178 183
1349 190 1351 203 Ι

198 304 327 370 XXXI.
359 305 448 369 Dum
478 304 560 370 haec
594 314 752 389 geruntur
782 306 816 369 in
846 303 951 385 Italia,
986 303 1044 370 Cn.
1073 304 1263 370 Serviliusl

93 394 256 459 Geminus
285 390 398 456 consul
426 412 499 455 cum
527 389 636 463 classe,
653 401 782 455 centum
804 392 919 474 viginti
940 393 1071 456 navium
1094 393 1227 456 circum·

91 491 209 546 vectus
246 477 415 542 Sardiniae
447 486 480 542 et
511 473 665 542 Corsicae
697 497 787 540 oram
815 487 849 540 et
871 477 1040 541 obsidibus
1064 479 1228 563 utrimque

93 566 242 651 acceptis
266 566 298 626 in
321 563 467 626 Africam
489 564 666 626 transmisit
689 573 730 645 et,
754 564 944 648 priusquam
960 565 991 626 in
1009 565 1227 628 continentem

93 651 323 716 escensionem
346 648 479 729 faceret,
495 648 626 732 Menige
642 648 748 713 insula
762 659 890 712 vastata
906 661 938 713 et
954 649 995 714 ab
1011 648 1227 714 incolentibus
1247 654 1262 700 ‘2
1280 665 1284 672 '

92 737 279 818 Cercinam,
302 757 344 798 ne
368 745 401 798 et
415 736 561 819 ipsorum
578 745 727 799 ureretur
743 736 1003 820 diripereturque
1014 757 1102 820 ager,
1113 736 1226 799 decem

90 823 225 888 talentis
248 823 374 904 argenti
398 822 539 905 acceptis
562 821 605 884 ad
628 820 723 884 litora
744 820 875 885 Africae
898 824 1034 885 accessit
1050 821 1227 907 copiasque

92 909 258 994 exposuit.
274 907 351 971 inde
371 907 412 970 ad
429 905 652 991 populandum
669 928 784 990 agrum
800 908 888 971 ducti
903 907 1019 971 milites
1029 907 1227 993 navalesque
1247 912 1262 959 3

92 997 175 1060 socii
198 996 292 1057 iuxta
314 993 415 1074 effusi,
440 1015 478 1055 ac
501 994 527 1055 si
548 994 580 1054 in
595 991 708 1056 insulis
725 992 885 1057 cultorum
902 993 1073 1077 egentibus
1088 995 1226 1077 praeda·
1264 1055 1267 1060 .

92 1091 219 1145 rentur.
252 1079 362 1163 itaque
388 1080 421 1142 in
448 1079 580 1142 insidias
608 1087 731 1142 temere
753 1078 844 1142 inlati
866 1101 940 1143 cum
962 1101 983 1143 a
1003 1079 1226 1165 frequentibus
1244 1085 1259 1132 4

92 1166 244 1253 palantes
268 1175 301 1228 et
322 1165 364 1228 ab
387 1163 532 1228 locorum
555 1166 663 1248 gnaris
686 1165 790 1248 ignari
812 1166 1130 1244 circumvenirentur,
1152 1187 1226 1229 cum

91 1253 196 1317 multa
219 1251 320 1315 caede
343 1271 382 1313 ac
403 1250 500 1313 foeda
521 1250 598 1334 fuga
619 1259 706 1313 retro
731 1251 770 1312 ad
793 1273 894 1315 naves
914 1251 1062 1336 conpulsi
1077 1261 1160 1317 sunt.
1184 1252 1224 1314 ad
1246 1257 1261 1304 5

90 1330 186 1407 mille
198 1337 365 1400 hominum
382 1357 456 1400 cum
471 1335 520 1398 Ti.
536 1337 728 1421 Sempronio
744 1335 861 1400 Blaeso
878 1349 1050 1423 quaestore
1062 1339 1225 1400 amissum.

92 1423 208 1489 classis
232 1423 275 1486 ab
298 1422 447 1494 litoribus
470 1422 611 1486 bostium
634 1420 739 1506 plenis
761 1423 888 1508 trepide
912 1422 1017 1487 soluta
1036 1425 1069 1486 in
1085 1423 1225 1488 Siciliam
1248 1431 1263 1478 6

91 1531 227 1576 cursum
260 1510 363 1572 tenuit
394 1508 580 1594 traditaque
611 1507 761 1592 Lilybaei
789 1508 826 1571 Τ.
852 1507 992 1574 Otacilio
1015 1511 1167 1592 praetori,
1190 1521 1227 1573 ut

91 1595 135 1661 ab
151 1595 260 1678 legato
278 1595 346 1658 eius
362 1594 398 1656 P.
418 1592 529 1659 Cincio
544 1594 682 1658 Romam
698 1594 918 1659 reduceretur.
935 1597 1073 1680 ipseper
1084 1594 1225 1659 Siciliam
1246 1603 1261 1650 ⁷

91 1681 234 1768 pedibus
262 1680 429 1766 profectus
456 1679 539 1743 freto
562 1682 595 1743 in
617 1679 744 1743 Italiam
767 1682 901 1762 traiecit,
930 1680 1044 1745 litteris
1069 1680 1107 1760 Q.
1132 1681 1227 1745 Fabii

91 1769 217 1832 accitus
250 1777 282 1831 et
308 1768 380 1852 ipse
409 1776 441 1830 et
464 1765 601 1849 conlega
624 1768 692 1829 eius
715 1765 760 1829 M.
784 1766 912 1846 Atilius,
940 1777 978 1830 ut
999 1769 1161 1831 exercitus
1184 1767 1225 1831 ab

92 1877 129 1919 se
152 1864 271 1918 exacto
294 1853 358 1916 iam
381 1873 485 1938 prope
508 1853 657 1916 semestri
679 1854 815 1936 imperio
838 1855 1030 1937 acciperent.

198 1937 353 2004 Omnium
384 1959 486 2023 prope
520 1937 651 2002 annales
679 1938 817 2002 Fabium
850 1940 1042 2003 dictatorem
1069 1940 1261 2004 adversuss

92 2022 314 2089 Hannibalern
334 2046 402 2086 rem
419 2025 559 2108 gessisse
574 2025 720 2106 tradunt3
737 2023 867 2089 Coelius
883 2028 980 2090 etiam
996 2049 1069 2089 eum
1085 2027 1226 2110 primum

93 2133 115 2174 a
135 2110 259 2196 populo
292 2121 439 2174 creatum
473 2110 666 2174 dictatorem
700 2111 821 2175 scribit.
857 2113 913 2176 sed
950 2123 982 2176 et
1014 2111 1161 2176 Coelium
1193 2122 1226 2176 et
1247 2121 1279 2191 9,

94 2208 222 2262 ceteros
253 2196 336 2280 fugit
367 2199 422 2278 uni
454 2195 578 2260 consuli
611 2196 667 2261 Cn.
698 2195 846 2279 Servilio,
882 2200 936 2283 qui
964 2208 1031 2262 tum
1056 2197 1169 2282 procul
1192 2200 1224 2261 in
1301 2239 1304 2246 ·

78 2281 202 2358 ,Gallia
229 2283 397 2368 provincia
424 2281 548 2366 aberat,
571 2284 620 2346 ius
644 2282 743 2347 fuisse
767 2284 896 2347 dicendi
921 2285 1102 2365 dictatoris;
1127 2294 1277 2367 quam10

93 2390 220 2433 moram
256 2371 332 2454 quia
365 2377 540 2453 expectare
568 2370 682 2432 territa
703 2371 799 2433 tertia
821 2372 884 2432 iam
910 2369 1001 2440 clade
1025 2371 1137 2433 civitas
1159 2393 1224 2433 non
1329 2404 1331 2410 ·

92 2465 234 2539 poterat,
267 2477 307 2518 eo
336 2455 509 2518 decursum
532 2477 614 2535 esse,
638 2466 674 2518 ut
696 2478 716 2519 a
736 2454 858 2540 populo
884 2467 1058 2536 crearetur,
1084 2457 1139 2541 qui
1162 2477 1222 2540 pro

93 2542 253 2606 dictatore
283 2550 383 2620 esset3
412 2563 465 2604 res
492 2541 568 2605 inde
592 2551 699 2623 gestas
722 2541 924 2626 gloriamque
947 2543 1105 2624 insignem
1131 2540 1222 2604 ducis
1243 2553 1274 2598 11

92 2637 125 2692 et
146 2637 304 2711 augentes
327 2625 456 2690 titulum
478 2628 626 2709 imaginis
648 2638 809 2710 posteros,
834 2637 879 2710 ut,
903 2629 958 2711 qui
981 2649 1040 2713 pro
1066 2626 1223 2691 dictatore

91 2723 221 2777 creatus
246 2722 341 2793 esset,
363 2712 464 2777 fuisse
488 2713 627 2776 dictator
650 2714 850 2793 crederetur,
874 2712 968 2777 facile
993 2713 1179 2778 obtinuisse.

220 2797 367 2863 XXXll.
391 2796 548 2863 Consules
572 2799 691 2862 Atilius
713 2799 869 2883 Fabiano,
893 2799 1049 2864 Geminus
1066 2798 1224 2864 Servilius
1244 2813 1256 2860 1

91 2883 281 2948 Minuciano
306 2887 453 2948 exercitu
475 2896 611 2970 accepto
636 2884 852 2948 hibernaculis
868 2898 993 2950 mature
1010 2888 1224 2967 communitis,

91 2971 181 3056 quod
204 2969 366 3055 reliquum
390 2973 535 3034 autumni
558 2981 637 3053 erat,
660 2971 756 3036 Fabii
776 2972 899 3035 artibus
916 2995 989 3036 curn
1006 2996 1131 3036 summu
1142 2974 1225 3036 inter

89 3079 125 3121 se
156 3057 332 3122 concordia
363 3056 484 3121 bellum
516 3068 696 3140 gesserunt.
724 3057 953 3121 frumentatum
982 3061 1112 3122 exeunti
1135 3059 1258 3121 Han-2

89 3141 190 3206 nibali
229 3142 365 3207 diversis
401 3142 481 3208 locis
521 3145 693 3228 opportuni
731 3144 866 3207 aderant
898 3155 1069 3230 carpentes
1107 3166 1224 3227 agmen

89 3228 284 3314 palatosque
296 3230 510 3314 excipientes3
526 3231 558 3292 in
576 3251 686 3293 casum
700 3230 873 3293 universae
885 3230 1109 3313 dimicationis,
1126 3253 1224 3315 quam

89 3314 240 3379 omnibus
256 3315 378 3379 artibus
394 3315 528 3400 petebat
544 3315 654 3399 hostis,
669 3338 735 3380 non
750 3316 938 3396 veniebant3
955 3317 1103 3400 adeoque
1115 3317 1224 3399 inopia
1243 3332 1258 3378 3

89 3411 138 3466 est
172 3411 303 3466 coactus
331 3399 505 3477 Hannibal,
535 3412 579 3480 ut,
603 3404 664 3465 nisi
689 3424 762 3466 cum
785 3401 880 3485 fugae
904 3405 1014 3487 specie
1038 3402 1223 3466 abeundum

89 3489 119 3550 ei
140 3486 264 3568 fuisset,
290 3486 430 3551 Galliam
453 3489 650 3571 repetiturus
672 3488 771 3551 fuerit
794 3487 883 3551 nulla
905 3488 1019 3565 relicta
1040 3511 1098 3572 spe
1115 3487 1223 3551 alendi

88 3574 252 3638 exercitus
274 3574 307 3636 in
331 3575 375 3637 eis
399 3574 488 3656 locis,
512 3575 537 3636 si
559 3575 766 3659 insequentes
787 3575 936 3639 consules
953 3575 1076 3638 eisdem
1092 3576 1215 3638 artibus

87 3658 209 3724 bellum
231 3670 392 3742 gererent.
788 3655 791 3663 ’

191 3744 274 3810 Cum
298 3745 339 3809 ad
364 3745 562 3809 Gereonium
585 3747 649 3809 iam
672 3745 781 3809 hieme
803 3747 1002 3831 impediente
1026 3748 1258 3812 constitisset4

87 3830 219 3912 bellum,
243 3831 448 3914 Neapolitani
471 3830 569 3913 legati
592 3832 726 3895 Romam
749 3855 878 3897 venere.
896 3833 935 3896 ab
953 3834 990 3898 iis
1008 3835 1224 3918 quadraginta
