2738 4146
323 124 431 175 arana
447 124 469 174 1.
495 125 570 174 cnr.
589 127 630 174 51.
648 127 689 173 ar.
710 122 736 189 [a
762 124 794 174 u.
814 142 834 174 a
854 126 998 195 rao-arr]
1229 111 1270 170 45

101 297 214 360 accitis
230 296 270 358 ad
282 318 316 359 se
332 294 532 379 principibus
542 294 732 358 Latinorum
749 297 840 381 quasi
856 319 890 360 re
905 318 990 361 nova
1002 298 1219 381 perturbatus,

100 404 226 445 moram
249 403 339 444 suam
362 380 555 459 hesternam,
580 379 670 444 velut
693 379 828 444 deorum
852 383 992 466 quadam
1016 385 1220 467 providentia

100 467 243 546 inlatam,
268 467 311 529 ait
334 465 428 529 saluti
451 465 511 528 sibi
533 475 630 550 atque
653 464 714 528 illis
736 465 843 529 fuisse.
876 468 916 531 ab
940 469 1049 532 Turno
1074 470 1137 533 dici
1160 469 1258 533 sibit

102 563 136 616 et
158 552 352 637 primoribus
374 550 568 635 populorum
592 551 699 634 parari
722 573 845 632 necem,
869 561 904 615 ut
921 553 1109 618 Latinorum
1133 553 1220 618 solus

101 640 274 722 imperium
291 644 405 700 teneat.
430 636 658 719 adgressurum
675 636 774 700 fuisse
787 635 937 702 hesterno
955 639 1007 703 die
1023 642 1055 703 in
1068 640 1221 721 concilio;

102 723 235 787 dilatam
257 745 326 784 rem
343 744 424 794 esse,
449 721 536 806 quod
559 731 672 785 auctor
688 720 812 784 concilii
828 722 951 802 afuerit,
969 747 1065 811 quem
1082 728 1222 789 maxime

101 817 238 895 peteret.
263 809 337 870 inde
359 807 447 871 illam
471 807 613 869 absentis
635 806 877 870 insectationem
901 831 971 873 esse
991 821 1109 891 natam,
1135 812 1258 897 quoda

102 895 258 957 morando
283 915 372 978 spem
395 893 584 956 destituerit.
607 913 672 955 non
695 892 854 972 dubitare,
877 895 904 958 si
926 919 1004 960 vera
1024 897 1221 978 deferantur,

103 982 181 1065 quin
204 980 307 1063 prima
333 976 415 1060 luce,
448 977 504 1040 ubi
535 986 667 1041 ventum
699 978 731 1039 in
766 979 936 1042 concilium
965 984 1013 1060 sit,
1045 984 1221 1046 instructus

104 1087 178 1128 cum
203 1065 440 1128 coniuratorum
464 1085 559 1125 manu
582 1073 788 1148 armatusque
810 1073 966 1130 venturus
989 1069 1039 1130 sit.
1073 1068 1134 1130 dici
1157 1066 1259 1150 gia-,s

104 1152 231 1213 diorum
246 1151 408 1232 ingentem
426 1170 496 1211 esse
512 1169 680 1211 numerum
698 1149 739 1211 ad
756 1170 828 1212 eum
845 1162 1044 1215 convectum.
1057 1153 1089 1215 id
1103 1174 1220 1216 vanum

105 1258 208 1299 necne
232 1236 280 1316 sit,
311 1232 473 1318 extemplo
497 1234 570 1296 sciri
592 1255 698 1318 posse.
721 1256 836 1315 rogare
860 1257 923 1313 eos,
952 1247 988 1301 ut
1015 1239 1089 1302 inde
1113 1262 1221 1302 secum

103 1322 145 1384 ad
168 1321 311 1384 Turnum
333 1319 473 1383 veniant.
498 1328 679 1404 suspectam
701 1319 777 1382 fecit
799 1343 867 1383 rein
892 1330 924 1384 et
945 1323 1109 1406 ingenium
1121 1324 1221 1387 Turni
1243 1341 1257 1388 t

103 1407 197 1470 ferox
220 1414 252 1468 et
275 1406 375 1468 oratio
399 1404 551 1467 hesterna
579 1414 612 1468 et
637 1425 727 1466 mora
748 1405 911 1490 Tarquini,
940 1410 1026 1492 quod
1051 1410 1221 1473 videbatur

104 1491 146 1556 ob
171 1514 241 1554 eam
265 1490 385 1554 differri
408 1489 524 1553 caedes
546 1490 699 1573 potuisse.
733 1501 809 1552 eunt
835 1489 993 1556 inclinatis
1023 1494 1151 1578 quidem
1180 1495 1220 1556 ad

105 1577 302 1640 credendum
320 1577 443 1653 animis,
460 1584 567 1637 tamen
581 1575 643 1651 nisi
658 1573 773 1657 gladiis
789 1576 998 1659 deprehensis
1015 1589 1123 1643 cetera
1139 1601 1222 1642 vana

105 1663 326 1726 existimaturi.
351 1661 407 1724 ubi
430 1669 478 1722 est
501 1682 538 1723 eo
554 1669 695 1738 ventum,
706 1661 849 1724 Turnum
866 1683 907 1726 ex
923 1685 1034 1728 somno
1046 1667 1221 1728 excitatum
1242 1683 1258 1730 8

104 1748 343 1810 circumsistunt
365 1745 531 1826 custodes;
557 1744 853 1830 conprehensisque
875 1750 987 1830 servis,
1012 1751 1066 1833 qui
1089 1751 1221 1812 caritate

104 1832 226 1896 domini
247 1832 313 1895 vim
337 1830 503 1915 parabant,
539 1852 610 1892 oum
641 1829 739 1914 gladii
771 1832 874 1896 abditi
902 1855 943 1896 ex
970 1834 1118 1899 omnibus
1140 1834 1221 1899 locis

104 1916 294 1981 deverticuli
354 1915 603 1997 retraherentur,
643 1917 805 1980 enimvero
843 1920 1011 1982 manifesta
1051 1941 1103 1984 res
1140 1921 1220 2000 visa,

103 2004 304 2088 iniectaeque
342 2023 423 2074 urno
448 2010 590 2082 catenae3
614 2010 646 2064 et
668 2001 834 2065 confestim
844 2003 1034 2068 Latinorum
1052 2004 1221 2068 concilium

102 2111 220 2171 magno
245 2110 316 2151 cum
339 2085 478 2150 tumultu
499 2086 685 2151 advocatur.
718 2085 763 2149 ibi
798 2096 864 2151 tarn
887 2098 982 2154 atrox
1004 2091 1126 2154 invidia
1150 2100 1255 2159 ortao

102 2184 153 2237 est
176 2173 291 2256 gladiis
313 2173 345 2234 in
367 2172 473 2235 medio
497 2172 620 2256 positis,
648 2181 683 2235 ut
710 2173 832 2235 indicta
856 2195 961 2256 causa,
989 2197 1074 2240 novo
1102 2196 1221 2258 genere

101 2257 168 2339 leti,
207 2259 350 2322 deiectus
388 2257 429 2320 ad
466 2264 564 2341 caput
597 2279 700 2342 aquae
732 2257 925 2323 Ferentinae
960 2270 1047 2325 crate
1080 2283 1221 2345 superne

102 2345 221 2407 iniecta
243 2343 396 2428 saxisque
419 2343 578 2426 congestis
600 2351 810 2425 mergeretur.

204 2429 276 2491 LlI.
300 2428 471 2491 Revocatis
496 2427 611 2490 deinde
633 2427 675 2490 ad
699 2427 866 2490 concilium
891 2428 1015 2492 Latinis
1026 2430 1220 2514 Tarquinius
1241 2439 1254 2488 1

102 2512 381 2598 conlaudatisque,
414 2513 469 2596 qui
496 2512 640 2576 Turnum
673 2523 845 2576 novantem
879 2536 931 2577 res
965 2536 1024 2598 pro
1050 2513 1219 2578 manifesto

102 2600 274 2682 parricidio
301 2600 416 2661 merita
441 2618 548 2683 poena
570 2597 775 2679 adfecissent,
802 2599 847 2660 ita
873 2598 975 2662 verba
1001 2599 1091 2662 fecit:
1124 2611 1255 2683 possea

103 2684 233 2768 quidem
256 2707 291 2748 se
313 2693 440 2747 vetusto
464 2683 534 2746 iure
556 2705 663 2766 agere,
692 2682 789 2768 quod,
818 2704 891 2746 cum
915 2705 1026 2748 omnes
1049 2685 1156 2747 Latini
1179 2685 1219 2747 ab

101 2767 189 2832 Alba
212 2768 339 2833 oriundi
361 2769 433 2849 sint,
462 2789 500 2832 eo
522 2767 656 2831 foedere
678 2777 858 2850 teneantur,
887 2790 951 2851 quo
981 2769 1021 2833 ab
1044 2767 1138 2834 Tullo
1168 2793 1220 2833 res

101 2855 204 2919 omnis
226 2853 356 2917 Albana
379 2875 451 2916 oum
475 2851 606 2916 coloniis
637 2854 702 2916 suis
734 2854 767 2916 in
793 2853 972 2917 Romanum
1005 2857 1136 2918 cesserit
1163 2857 1220 2916 iur-

99 2942 241 3024 perium;
264 2948 407 3003 ceterum
431 2959 465 3002 se
480 2937 625 3002 utilitatis
640 2939 674 3002 id
687 2939 788 3020 magis
805 2940 947 3004 omnium
963 2961 1061 3003 causa
1078 2963 1219 3019 censere,
1240 2954 1255 3000 a

99 3035 135 3088 ut
157 3034 332 3089 renovetur
358 3024 391 3086 id
414 3023 539 3104 foedus,
572 3023 779 3109 secundaque
809 3026 916 3108 potius
948 3024 1077 3089 fortuna
1107 3024 1219 3110 populi

99 3110 237 3174 Romani
260 3120 294 3173 ut
316 3111 491 3195 participes
513 3108 620 3172 Latini
643 3107 798 3191 fruantur,
823 3132 919 3195 quam
941 3110 1070 3174 urbium
1093 3110 1219 3173 excidia

97 3197 360 3279 vastationesque
383 3216 543 3277 agrorum,
568 3216 648 3280 quas
664 3194 755 3258 Anco
778 3195 879 3279 prius,
902 3205 995 3279 patre
1020 3194 1136 3257 deinde
1159 3216 1217 3258 suo

98 3290 253 3365 regnante
275 3280 423 3365 perpessi
446 3281 518 3360 sint,
541 3301 670 3362 semper
692 3288 747 3343 aut
770 3288 943 3362 expectent
965 3290 1020 3343 aut
1042 3281 1218 3364 patiantur.

98 3366 186 3429 haud
203 3363 374 3429 difficulter
396 3386 588 3449 persuasum
602 3364 734 3443 Latinis,
760 3387 965 3448 quamquam,
977 3366 1008 3426 in
1032 3385 1069 3428 eo
1085 3364 1218 3429 foedere
1236 3378 1255 3428 t

97 3453 245 3535 superior
267 3451 413 3514 Romana
433 3471 485 3513 res
508 3458 587 3530 erat,
612 3457 754 3512 ceterum
777 3460 809 3513 et
832 3452 937 3532 capita
959 3451 1094 3512 nominis
1110 3449 1218 3512 Latini

96 3547 184 3601 stare
206 3558 244 3600 ac
268 3537 385 3600 sentire
409 3557 482 3598 cum
509 3557 587 3619 rege
615 3533 778 3615 videbant,
800 3545 843 3615 ¹et
870 3535 997 3598 Turnus
1025 3535 1075 3597 sui
1101 3535 1217 3619 cuique

96 3621 242 3708 periculi,
275 3622 302 3685 si
325 3621 515 3684 adversatus
539 3629 633 3702 esset,
666 3643 778 3684 recens
807 3629 876 3682 erat
904 3619 1141 3683 documentum.
1174 3621 1254 3682 itas

95 3717 286 3772 renovatum
308 3705 422 3770 foedus
445 3705 666 3790 indictumque
689 3704 866 3769 iunioribus
890 3703 1094 3781 Latinorum,
1118 3712 1160 3765 ut
1178 3727 1229 3764 ex

95 3793 229 3857 foedere
253 3793 305 3856 die
334 3801 421 3856 certa
452 3791 493 3854 ad
524 3789 631 3854 lucum
658 3790 859 3856 Ferentinae
890 3791 1016 3854 armati
1044 3787 1254 3862 arsames
