2738 4146
365 120 473 170 uranu
491 122 512 170 1.
532 119 606 170 car.
626 123 668 172 aa.
686 124 727 172 aa.
747 121 780 188 [a.
800 123 832 174 u.
852 139 874 173 ο.
895 123 1048 192 raa-ruat
1252 111 1298 170 35

112 303 220 373 vetus,
244 289 401 371 Cameria,
427 289 695 373 Crustumerium,
720 292 894 374 Ameriola,
919 295 1084 376 Medullia,
1101 296 1240 360 Nomen·

112 389 193 459 tum,
217 378 298 440 haec
321 377 363 441 de
386 377 507 440 Priscis
523 377 647 440 Latinis
671 387 726 440 aut
749 379 803 464 qui
826 379 868 442 ad
884 380 1018 446 Latinos
1042 382 1240 465 defecerant,

110 475 215 549 capta
233 462 364 548 oppida.
387 485 454 548 pax
479 462 596 526 deinde
619 472 669 526 est
690 463 784 527 facta.

216 549 341 612 Maiore
363 549 439 612 inde
463 549 568 611 animo
591 548 682 633 pacis
706 571 807 634 opera
822 550 983 633 incohata,
1008 573 1103 637 quam
1121 563 1277 638 quantas

112 633 197 699 mole
230 643 378 717 gesserat
409 633 504 716 bella,
536 644 572 697 ut
604 656 668 698 non
701 637 840 720 quietior
862 636 1001 722 populus
1027 638 1113 701 domi
1138 649 1234 720 esset,

110 743 208 808 quam
232 719 365 784 militiae
388 721 515 802 fuisset;
538 742 612 782 uam
636 730 668 784 et
683 743 774 785 muro
796 721 936 807 lapideo,
961 725 1052 787 cuius
1070 725 1238 787 exordium
1261 746 1281 796 a

112 808 221 892 operis
255 805 375 870 Sabino
407 805 493 870 bello
529 805 693 871 turbatum
728 818 805 890 erat,
837 808 963 890 urbem,
1002 832 1065 894 qua
1095 809 1238 873 nondum

111 894 236 957 munita
259 902 337 974 erat,
361 893 491 976 cingere
513 901 608 977 parat
631 903 663 957 et
685 893 795 955 infima
817 894 907 958 urbis
930 892 1002 959 loca
1024 895 1110 959 circa
1132 895 1236 959 forum

112 979 260 1064 aliasque
282 979 466 1042 interiectas
491 977 625 1042 collibus
649 977 822 1059 convalles,
858 981 934 1065 quia
966 1003 1008 1045 ex
1031 981 1135 1067 planis
1158 980 1238 1046 locis

113 1065 200 1128 haud
224 1063 319 1127 facile
351 1064 534 1129 evehebant
565 1086 677 1150 aquas,
716 1064 834 1128 cloacis
870 1067 996 1148 fastigio
1029 1070 1061 1130 in
1094 1067 1237 1131 Tiberim

112 1151 220 1214 ductis
245 1153 345 1213 siccat
368 1161 400 1214 et
422 1173 529 1213 aream
554 1151 595 1213 ad
619 1151 734 1214 aedem
764 1151 794 1213 in
825 1148 984 1238 Capitolio
1012 1153 1110 1232 Iovis,
1143 1175 1274 1238 quamn

86 1262 90 1269 ·
112 1245 248 1301 voverat
270 1235 357 1300 bello
382 1235 512 1318 Sabino,
536 1237 599 1298 iam
622 1239 848 1321 praesagiente
871 1239 976 1301 animo
998 1239 1139 1303 futuram
1164 1239 1237 1303 olim

109 1322 359 1407 amplitudinem
380 1321 441 1385 loci
466 1332 604 1406 occupat
626 1322 853 1387 fundamentis.
1230 1347 1266 1410 γ

214 1407 375 1472 XXXIX.
408 1408 457 1472 Eo
489 1418 637 1494 tempore
668 1409 700 1471 in
728 1409 816 1492 regia
839 1409 1022 1493 prodigium
1046 1411 1117 1472 visu
1141 1432 1278 1482 even-1

112 1504 213 1579 tuque
236 1494 385 1558 mirabile
408 1494 481 1557 fuit:
505 1516 608 1579 puero
632 1494 813 1577 dormienti,
838 1497 889 1557 cui
912 1493 1026 1560 Servio
1050 1493 1156 1559 Tullio
1179 1495 1239 1558 fuit

112 1602 238 1663 nomen,
264 1590 363 1666 caput
385 1581 503 1644 arsisse
526 1580 635 1643 ferunt
656 1579 830 1644 multorum
847 1582 878 1644 in
895 1591 1081 1666 conspectu.
1099 1580 1237 1666 plurimo
1260 1609 1280 1655 a

112 1667 211 1750 igitur
246 1665 385 1730 clamore
416 1665 492 1729 inde
526 1665 566 1728 ad
602 1676 709 1730 tantae
737 1666 784 1730 rei
806 1666 997 1729 miraculum
1021 1676 1090 1730 orto
1114 1669 1237 1731 excitos

114 1775 221 1835 reges,
246 1762 279 1815 et
303 1774 373 1815 cunt
399 1752 529 1837 quidam
552 1750 754 1814 familiarium
779 1774 895 1837 aquam
914 1753 954 1815 ad
972 1752 1236 1836 restinguendum

111 1838 220 1918 ferret,
245 1837 286 1901 ab
309 1841 423 1921 regina
444 1846 615 1920 retentum,
648 1837 827 1923 sedatoque
851 1860 921 1901 eam
946 1839 1084 1902 tumultu
1115 1840 1238 1917 moveri

113 1924 257 1988 vetuisse
281 1947 428 2009 puerum,
454 1923 556 1987 donec
579 1945 638 1986 sua
661 1934 776 2009 sponte
800 1933 1013 2009 experrectus
1037 1933 1132 1988 esset.
1161 1946 1239 1988 mox
1259 1951 1276 1999 3

112 2032 186 2073 cum
223 2031 335 2072 somno
360 2019 392 2073 et
424 2008 585 2072 flammam
610 2009 727 2072 abisse.
765 2019 832 2072 tum
857 2010 997 2073 abducto
1021 2010 1052 2073 in
1077 2020 1236 2075 secretum

112 2096 182 2159 viro
200 2094 360 2180 Tanaquil
384 2096 537 2176 „videsne
561 2105 595 2158 tu
617 2117 753 2180 puerum
770 2095 875 2159 himer
902 2098 1014 2181 inquit,
1041 2119 1156 2182 „quem
1173 2106 1236 2158 tam

111 2180 228 2243 humili
251 2180 340 2244 cultu
363 2180 563 2245 educamus?
595 2183 677 2244 scire
709 2179 783 2245 licet
816 2183 899 2245 huuc
932 2180 1039 2245 lumen
1075 2182 1236 2268 quondam

112 2266 210 2331 rebus
233 2268 351 2331 nostris
376 2267 481 2331 dubiis
504 2267 644 2330 futurum
668 2267 931 2352 praesidiumque
948 2269 1057 2351 regiae
1073 2266 1236 2350 adflictae;

111 2352 252 2440 proinde
275 2353 443 2416 materiam
467 2354 605 2436 ingentis
628 2351 759 2437 publice
774 2355 992 2438 privatimque
1009 2354 1134 2417 decoris
1151 2354 1237 2416 omni

110 2437 312 2522 indulgentia
333 2449 444 2502 nostra
471 2437 681 2502 nutriamus“.
720 2440 795 2503 inde
826 2460 963 2523 puerum
995 2437 1133 2502 liberum
1166 2437 1236 2502 loco
1258 2454 1279 2501 t-

108 2534 261 2608 coeptum
280 2523 395 2588 haberi
411 2524 598 2608 erudirique
614 2524 748 2604 artibus,
765 2524 882 2611 quibus
898 2525 1026 2608 ingenia
1042 2524 1082 2587 ad
1099 2546 1236 2608 magnae

109 2610 259 2674 fortunae
283 2609 402 2674 cultum
427 2611 617 2674 excitantur.
657 2612 765 2675 evenit
797 2610 901 2691 facile,
935 2609 1020 2696 quod
1057 2610 1117 2674 diis
1148 2610 1237 2674 cordi

110 2705 175 2759 est:
199 2697 323 2760 iuvenis
347 2696 450 2760 evasit
472 2718 550 2760 vere
566 2696 682 2759 indolis
700 2698 819 2779 regiae,
842 2719 911 2780 nec,
936 2717 1008 2759 curn
1026 2706 1238 2781 quaereretur

106 2804 213 2866 gener
242 2782 428 2868 Tarquinio,
466 2783 636 2867 quisquam
668 2782 831 2845 Romanae
862 2783 1037 2846 iuventutis
1070 2781 1137 2845 ulla
1168 2792 1236 2846 arte

107 2867 251 2932 conferri
273 2869 387 2952 potuit,
421 2866 585 2954 filiamque
610 2870 639 2931 ei
662 2890 752 2932 suam
776 2891 835 2932 rex
859 2866 1043 2954 despondit.
1081 2868 1135 2931 hic
1159 2888 1275 2953 qua-o

107 2976 252 3039 cumque
276 2955 317 3016 de
340 2975 439 3017 causa
462 2963 568 3017 tantus
592 2953 638 3016 illi
661 2953 764 3018 honos
787 2953 918 3019 habitus
935 2953 1070 3018 credere
1086 2953 1236 3039 prohihet

108 3061 208 3104 serva
229 3050 338 3104 natum
363 3061 436 3102 eum
459 3062 661 3126 parvumque
688 3041 794 3124 ipsum
817 3041 966 3104 servisse.
1000 3062 1110 3103 eorum
1134 3040 1235 3122 magis

106 3126 289 3190 sententiae
313 3148 394 3206 sum,
428 3127 482 3210 qui
506 3123 678 3189 Corniculo
710 3135 804 3211 capto
829 3125 922 3190 Servi
945 3124 1040 3206 Tulli,
1074 3126 1128 3211 qui
1151 3127 1235 3210 prin-

106 3233 190 3297 ceps
213 3211 244 3274 in
268 3210 323 3274 illa
344 3211 425 3275 urbe
447 3211 561 3293 fuerat,
585 3211 752 3294 gravidam
776 3214 846 3276 viro
871 3213 978 3276 occiso
1001 3232 1146 3293 uxorem,
1164 3233 1234 3274 cum

13 3346 16 3350 .
109 3299 196 3360 inter
218 3295 359 3382 reliquas
383 3297 527 3380 captivas
551 3299 680 3381 cognita
703 3307 795 3379 esset,
823 3297 864 3361 ob
888 3298 1017 3361 unicam
1034 3296 1234 3360 nobilitatem

105 3383 152 3447 ab
175 3385 288 3467 regina
310 3383 456 3446 Romana
477 3381 675 3468 prohibitam
695 3383 802 3447 ferunt
817 3385 949 3448 servitio
966 3393 1096 3468 partum
1111 3383 1234 3447 Romae

109 3468 253 3533 edidisse
269 3468 372 3533 Prisci
387 3468 542 3555 Tarquini
559 3470 591 3531 in
608 3470 720 3551 domo;
737 3469 812 3533 inde
829 3479 918 3532 tanto
930 3467 1086 3532 beneficio
1104 3478 1136 3532 et
1152 3469 1235 3532 inter
1258 3488 1275 3534 u

111 3552 266 3619 mulieres
281 3553 530 3618 familiaritatem
547 3564 684 3637 auctam,
701 3565 733 3619 et
748 3577 896 3642 puerum,
907 3565 942 3619 ut
952 3557 983 3617 in
996 3555 1091 3617 domo
1104 3577 1123 3616 a
1133 3577 1234 3640 parvo

110 3640 276 3721 eductum,
299 3641 331 3704 in
354 3642 489 3705 caritate
511 3650 611 3728 atque
630 3640 755 3705 honore
776 3641 894 3724 fuisse3
926 3641 1088 3704 fortunam
1114 3641 1233 3721 matris,

106 3727 198 3813 quod
235 3737 330 3812 capta
363 3727 467 3813 patria
502 3728 533 3789 in
570 3726 710 3790 hostium
741 3749 854 3791 manus
895 3727 1031 3808 venerit,
1069 3735 1105 3790 ut
1141 3749 1234 3792 serva

106 3822 204 3876 natus
229 3812 425 3896 crederetur,
448 3812 574 3877 fecisse.
1241 3827 1269 3899 a(

1160 3911 1195 3963 *g*
