2738 4146
360 161 469 210 Lruun
486 161 571 211 xxrr.
591 160 667 212 cnr.
688 165 726 212 re.
746 162 796 213 roq
808 161 841 230 [a.
860 163 893 214 u.
911 179 933 214 c.
952 164 1021 231 5311.
1218 153 1278 213 173

90 356 237 419 cumque
259 344 352 418 parte
375 335 542 419 copiarum
565 334 668 397 hostis
696 336 900 398 occurrisset.
925 335 983 400 Cn.
1008 335 1116 422 Scipio
1140 349 1264 423 post-4

93 442 194 506 quam
218 423 419 484 movisse-ex
442 420 585 483 hibernis
609 420 734 484 hostem
758 420 890 497 audivit,
914 422 1018 504 primo
1042 424 1129 487 idem
1153 445 1224 487 con-

93 508 157 570 silii
197 505 276 585 fuit3-
318 505 434 569 deinde
468 507 572 570 minus
610 516 697 571 terra
732 517 869 592 propter
909 509 1073 591 ingentem
1109 509 1225 572 famam

92 615 257 658 novorum
291 590 485 656 auxiliorum
518 613 711 655 concurrere
743 615 850 669 ausus,
886 593 1011 658 delecto
1045 594 1146 659 milite
1184 600 1223 658 ad

90 702 195 744 naves
219 680 360 762 inposito
384 679 524 764 quinque
545 687 578 741 et
600 678 731 761 triginta
752 681 882 743 navium
898 678 1003 744 classe
1025 682 1072 744 ire
1096 682 1222 745 obviam

92 767 184 830 hosti
207 766 324 850 pergit.
348 762 458 827 altero
482 762 524 827 ab
546 763 730 827 Tarracone
763 764 815 829 die
849 765 890 828 ad
914 767 1086 830 stationem
1109 768 1261 834 decemo

94 852 187 918 milia
212 872 367 936 passuum
400 850 573 914 distantem
606 849 646 912 ab
681 850 762 915 ostio
795 851 910 914 Hiberi
933 854 1035 915 amnis
1067 854 1223 938 pervenit.

93 939 173 1002 inde
198 938 284 1002 duae
307 935 558 1000 Massiliensium
590 935 826 1021 speculatoriae
849 940 1047 1022 praemissae
1070 939 1224 1003 rettulere

56 1042 61 1051 ·
92 1025 235 1090 classem
258 1023 413 1086 Punicam
436 1032 523 1087 stare
545 1023 578 1085 in
610 1023 691 1086 ostio
723 1021 864 1086 fluminis
897 1035 1067 1111 castraque
1098 1026 1131 1088 in
1152 1027 1260 1111 ripae

93 1113 211 1198 posita.
235 1110 346 1194 itaque
362 1118 398 1172 ut
412 1108 600 1194 inprovidos
615 1108 829 1194 incautosque
843 1111 994 1174 universo
1011 1110 1106 1174 simul
1122 1111 1223 1175 effuso

90 1209 220 1263 terrore
248 1196 458 1281 opprimeret,
482 1193 618 1258 sublatis
634 1195 762 1257 ancoris
785 1194 826 1258 ad
843 1195 969 1259 hostem
986 1197 1083 1260 vadit.
1107 1196 1224 1261 multas

92 1295 127 1350 et
164 1282 246 1348 locis
284 1282 357 1345 altis
393 1281 516 1366 positas
554 1289 660 1343 turres
693 1279 852 1365 Hispania
889 1281 998 1364 habet,
1037 1281 1154 1368 quibus
1192 1297 1224 1346 et

95 1368 240 1456 speculis
263 1378 297 1433 et
322 1365 574 1453 propugnaculis
605 1365 763 1431 adversus
794 1366 937 1432 latrones
969 1378 1110 1432 utuntur.
1148 1370 1258 1437 indcr

90 1457 198 1543 primo
223 1455 405 1539 conspectis
430 1452 569 1516 hostium
591 1451 730 1516 navibus
747 1453 858 1516 datum
881 1455 1007 1536 signum
1026 1454 1223 1518 Hasdrubali
1266 1490 1269 1495 <

93 1553 155 1622 est,
178 1539 402 1625 tumultusque
424 1540 514 1624 prius
537 1540 569 1600 in
591 1548 679 1601 terra
702 1548 735 1602 et
757 1541 870 1602 castris
895 1563 991 1624 quam
1015 1541 1054 1602 arl
1081 1563 1169 1604 mare
1193 1555 1224 1606 et

95 1630 139 1694 ad
163 1647 266 1692 naves
290 1636 340 1690 est
355 1635 454 1690 crtus.
477 1625 619 1687 nondum
643 1633 699 1686 ant
713 1624 810 1710 pulsu
833 1647 996 1690 remorum
1020 1628 1223 1712 strepituque

94 1713 160 1779 alio
183 1713 315 1776 nautcio
332 1711 487 1775 exaudito
511 1720 566 1773 aut
578 1710 809 1794 ,aperientibus
826 1709 963 1774 classem
979 1713 1221 1796 promunturiis,

87 1824 168 1879 ,cum
192 1807 328 1886 repente
352 1819 451 1882 eques
474 1795 555 1860 alius
578 1818 676 1880 super
692 1795 789 1860 alium
810 1797 851 1860 ab
874 1797 1082 1861 Hasdrubale
1106 1799 1222 1862 missus
1242 1813 1257 1860 8

89 1910 195 1972 vagos
217 1887 250 1949 in
271 1883 367 1948 litore
381 1883 574 1968 quietosque
597 1883 629 1944 in
644 1884 790 1947 tentoriis
805 1884 881 1962 suis,
904 1883 983 1946 nihil
999 1884 1103 1947 minus
1126 1905 1220 1971 quam

92 1975 224 2038 hostem
246 1982 303 2035 aut
324 1969 483 2055 proelium
500 1990 538 2031 eo
563 1968 616 2031 die
637 1979 857 2052 expectantes,
882 1970 1101 2034 conscendere
1123 1992 1222 2035 naves

89 2079 235 2146 propere
259 2068 356 2143 atque
387 2077 478 2118 arma
500 2076 618 2140 capere
649 2053 753 2119 iubet:
787 2056 924 2120 classem
948 2057 1127 2120 Romanam
1158 2057 1222 2120 iam

90 2147 182 2210 haud
205 2143 319 2232 procul
344 2151 441 2227 portu
464 2163 545 2204 esse.
578 2140 660 2205 haec
682 2144 806 2228 equites
831 2143 954 2207 dimissi
978 2143 1097 2230 passim
1122 2144 1256 2227 impe-o

89 2232 227 2311 rabant3
262 2251 341 2293 mox
373 2226 560 2290 Hasdrubal
587 2228 658 2311 ipse
689 2249 763 2292 cum
796 2230 882 2292 omni
920 2230 1067 2294 exercitu
1098 2229 1220 2305 aderat,

88 2321 251 2402 varioque
274 2315 383 2379 omnia
404 2312 545 2376 tumultu
568 2322 715 2396 strepunt
737 2315 905 2379 ruentibus
936 2317 969 2378 in
998 2336 1100 2378 naves
1127 2314 1220 2378 simul

89 2403 271 2488 remigibus
293 2399 514 2484 militibusque
546 2398 736 2482 fugientium
768 2403 872 2484 magis
904 2411 1033 2465 eterra
1064 2422 1161 2486 quam
1190 2402 1220 2463 in
1242 2417 1273 2463 10

90 2511 235 2577 pugnam
258 2487 403 2552 euntium
426 2485 532 2548 modo.
558 2487 690 2549 vixdum
715 2507 826 2550 omnes
851 2487 1115 2567 conscenderant,
1149 2508 1221 2548 cum

89 2576 146 2641 alii
167 2573 319 2640 resolutis
342 2572 461 2636 crisin
484 2593 618 2635 ancoras
635 2571 829 2654 evehuntur,
853 2572 915 2654 alii,
938 2595 979 2636 ne
1003 2573 1080 2658 quid
1104 2581 1222 2652 teneat,

90 2661 260 2728 ancoralia
281 2659 437 2740 incidunt,
461 2660 645 2742 raptimque
665 2659 773 2723 omnia
796 2681 835 2721 ac
851 2680 1072 2746 praepropere
1095 2657 1221 2742 agendo

88 2747 231 2812 militum
246 2753 406 2830 apparatu
420 2744 550 2808 nautica
566 2744 744 2808 ministeria
759 2746 989 2829 impediuntur,
1006 2745 1221 2830 trepidatione

91 2836 267 2899 nautarum
292 2843 409 2916 capere
441 2838 474 2893 et
496 2839 608 2912 aptare
641 2848 731 2893 arma
753 2831 845 2895 miles
868 2831 1069 2918 prohibetur.
1103 2840 1136 2895 et
1157 2832 1220 2894 iam
1241 2849 1270 2894 11

88 2922 256 2985 Romanus
278 2939 343 2981 non
365 2914 649 3002 adpropinquabat
667 2917 773 2995 modo,
799 2918 857 2981 sed
883 2919 1054 2982 derexerat
1070 2918 1167 2981 etiam
1189 2919 1221 2979 in

88 3027 235 3096 pugnam
259 3003 370 3068 naves.
393 3004 502 3089 itaque
524 3024 589 3065 non
612 2999 654 3065 ab
677 3002 771 3067 hoste
794 3013 827 3066 et
849 3004 973 3088 proelio
998 3005 1099 3087 magis
1124 3003 1222 3066 Poeni

89 3116 189 3180 quam
213 3099 343 3155 suomet
373 3090 436 3177 ipsi
466 3086 606 3152 tumultu
637 3089 758 3153 turbati
791 3100 947 3173 temptata
978 3091 1085 3154 verius
1113 3108 1222 3174 pugna

90 3202 189 3268 quam
212 3178 293 3240 inita
326 3177 358 3239 in
390 3176 498 3258 fugam
532 3184 719 3239 averterunt
747 3174 893 3241 classem.
925 3186 958 3239 et
989 3198 1061 3239 cum
1093 3174 1272 3239 adversita

90 3265 194 3330 omnis
218 3286 255 3327 os
278 3262 344 3326 lato
368 3263 487 3346 agmini
510 3269 543 3324 et
565 3270 631 3323 tum
655 3260 764 3325 multis
788 3260 883 3324 simul
905 3259 1110 3327 venientibus
1133 3259 1220 3321 haud
1248 3317 1256 3332 ,

89 3373 169 3416 sane
191 3347 344 3430 intrabile
377 3358 471 3426 esset,
503 3348 535 3410 in
566 3345 641 3410 litus
674 3349 794 3432 passim
825 3369 924 3411 naves
957 3356 1093 3430 egerunt
1123 3354 1220 3430 atque

91 3437 145 3501 alii
174 3437 280 3517 vadis,
319 3433 373 3497 alii
406 3435 491 3498 sicco
516 3431 610 3496 litore
643 3434 770 3517 excepti
804 3434 920 3515 partim
952 3432 1067 3495 armati
1101 3431 1219 3515 partim

89 3525 230 3588 inermes
254 3521 296 3583 ad
327 3522 517 3586 instructam
553 3541 612 3603 per
644 3518 718 3581 litus
743 3520 844 3582 aciem
879 3538 1011 3583 sucrum
1034 3518 1219 3601 perfugere3

91 3609 175 3674 duae
204 3618 314 3672 tamen
344 3608 450 3693 primo
483 3627 642 3668 concursu
674 3615 790 3690 captae
825 3614 916 3669 erunt
939 3604 1079 3666 Punicae
1112 3624 1220 3683 naves,

89 3705 244 3780 quattuor
266 3713 471 3780 suppressae.

191 3779 268 3845 XX.
302 3779 447 3858 Romani,
480 3798 675 3862 quemquam
707 3786 795 3840 terra
826 3775 966 3838 hostium
1002 3783 1079 3852 erat,
1117 3795 1256 3844 arma-1

89 3875 226 3953 tamque
250 3867 351 3929 aciem
378 3873 444 3928 toto
458 3873 664 3947 praetentam
687 3860 784 3928 litore
808 3861 1003 3944 cernebant,
1016 3859 1119 3923 *naub
1140 3878 1238 3918 cunc-
