2738 4146
86 132 148 190 228
372 145 482 194 LIBER
499 145 549 195 Ill.
568 143 644 195 ΟΔΡ.
662 146 704 195 64.
722 145 765 195 56.
784 143 817 211 [a.
836 143 869 194 U.
887 159 910 193 c.
930 141 998 210 3051.

137 318 302 383 contione:
328 317 436 403 „quod
458 315 591 399 bonum,
621 315 765 379 faustum
794 314 941 401 felixque
972 315 1014 380 sit
1037 314 1134 380 vobis
1155 317 1270 404 reique

138 403 301 491 publicae,
324 404 428 468 redite
451 403 484 467 in
506 404 645 487 patriam
668 401 709 464 ad
732 414 878 490 penates,
902 402 1058 485 coniuges
1081 401 1270 490 liberosque

136 501 281 572 vestros3
313 491 382 574 sed,
414 510 479 575 qua
501 488 554 552 hio
576 488 737 553 modestia
757 487 874 564 fuistis,
905 487 962 552 ubi
993 487 1113 552 nullius
1137 511 1217 572 ager
1238 490 1271 553 in

137 584 187 641 tot
217 599 327 642 rerum
361 598 423 640 usu
456 577 640 638 necessario
672 583 781 638 tantae
816 573 1015 637 multitudini
1044 583 1094 638 est
1115 575 1267 656 violatus,

139 685 212 728 eam
242 663 437 727 modestiam
467 661 549 725 ferte
581 661 614 724 in
645 659 771 725 urbem.
807 661 842 723 in
864 659 1064 724 Aventinum
1095 661 1151 744 ite,
1183 662 1270 726 unde

103 764 119 812 a
162 748 278 813 rofecti
311 749 397 813 estis.
435 746 481 812 ibi
512 747 599 810 felici
629 745 713 829 loco,
748 745 806 809 ubi
835 748 942 829 prima
973 746 1064 810 initia
1093 746 1270 812 incohastis

138 773 297 900 libertatis
318 845 459 914 vestrae,
481 832 628 897 tribunos
651 830 740 919 plebi
763 832 927 896 creabitis.
949 842 1081 916 praesto
1106 835 1169 898 erit
1189 855 1268 921 pon·

18 960 21 966 .
89 938 121 987 10
140 921 222 986 tifex
243 921 416 1002 maximus,
444 921 500 1006 qui
523 919 654 983 comitia
676 916 826 983 habeat.“
866 921 979 1002 ingens
1012 919 1172 983 adsensus
1205 918 1269 983 ala·

139 1009 301 1093 critasque
324 1015 442 1070 cuncta
464 1003 714 1090 adprobantium
741 1004 812 1068 fuit.
851 1002 1040 1069 convellunt
1069 1004 1146 1068 inde
1178 1006 1271 1090 signa

138 1092 342 1178 profectique
364 1093 501 1156 Romam
525 1100 651 1154 certant
672 1112 747 1155 cum
774 1088 878 1155 obviis
901 1091 1030 1175 gaudio.
1069 1091 1188 1155 armati
1209 1113 1270 1178 per

88 1186 120 1234 11
140 1178 256 1243 urbem
280 1177 407 1243 silentio
431 1179 463 1240 in
484 1177 684 1241 Aventinum
707 1177 913 1261 perveniunt.
936 1177 982 1239 ibi
1005 1175 1173 1263 extemplo
1190 1199 1269 1264 pon·

139 1263 226 1329 tifice
259 1265 401 1328 maximo
431 1264 564 1328 comitia
597 1261 738 1328 habente
759 1260 908 1327 tribunos
930 1260 1037 1349 plebis
1060 1273 1269 1344 creaverunt,

139 1351 282 1414 omnium
302 1351 444 1437 primurn
466 1349 505 1414 L.
528 1348 730 1434 Verginium,
752 1347 828 1412 inde
851 1348 890 1412 L.
905 1347 1034 1412 Icilium
1056 1356 1090 1413 et
1103 1347 1141 1414 P.
1156 1348 1269 1413 Numi·

138 1437 267 1518 torium,
299 1435 496 1500 avunculum
527 1434 683 1519 Verginii,
715 1444 864 1499 auctores
896 1435 1097 1517 secessionis,
1129 1444 1198 1499 tum
1232 1434 1270 1501 O.

89 1531 121 1579 12
139 1519 304 1605 Sicinium,
336 1522 527 1608 progeniem
558 1522 637 1602 eius,
670 1543 767 1606 quem
797 1522 940 1608 primum
971 1518 1138 1585 tribunum
1161 1520 1270 1609 plebis

139 1617 284 1672 creatum
316 1609 350 1672 in
381 1607 480 1672 Sacro
512 1617 622 1671 monte
652 1607 828 1693 proditum'
850 1607 1026 1671 memoriae
1058 1616 1118 1690 ost,
1156 1617 1190 1672 et
1222 1607 1276 1675 Μ..

138 1692 307 1776 Duillium,
331 1694 387 1779 qni
408 1693 606 1757 tribunatum
630 1693 788 1776 insignem
817 1701 891 1757 ante
915 1693 1118 1757 decemviros
1141 1703 1271 1758 creatos

138 1789 285 1863 gesserat
307 1801 368 1845 nec
390 1781 423 1842 in
446 1777 718 1844 decemviralibus
742 1776 973 1842 certaminibus
995 1776 1086 1864 plebi
1109 1779 1269 1843 defuerat.

87 1878 120 1925 1³
138 1887 198 1951 spe
221 1866 339 1930 deinde
361 1865 464 1948 magis
488 1887 585 1952 qnam
610 1865 733 1928 meritis
756 1864 851 1930 electi
873 1865 919 1929 M.
941 1863 1089 1943 Titinius,
1113 1864 1158 1930 M.
1174 1864 1268 1929 Pom·

87 1965 121 2014 14
137 1953 264 2038 pouius,
302 1951 338 2017 Ο.
372 1950 547 2037 Apronius,
585 1951 649 2037 Ap.
672 1949 801 2035 Villius,
839 1948 877 2015 0.
914 1949 1053 2038 Oppius.
1099 1950 1271 2016 tribunatu

138 2037 216 2100 inito
251 2036 291 2100 L.
314 2035 425 2101 Icilius
448 2036 612 2121 extemplo
635 2035 766 2122 plebem
797 2037 935 2121 rogavit,
970 2046 1003 2102 et
1033 2035 1130 2122 plebs
1162 2037 1270 2120 scivit,

86 2131 120 2180 16
138 2145 180 2186 ne
204 2124 257 2186 cni
278 2122 385 2186 fraudi
409 2133 495 2187 esset
517 2123 657 2187 secessio
681 2122 723 2186 ab
747 2122 939 2188 decemviris
967 2122 1064 2186 facta.
1096 2123 1268 2189 confestim

139 2208 180 2272 de
203 2206 390 2273 consulibus
413 2208 562 2272 creandis
586 2231 659 2273 oum
680 2210 913 2297 provocatione
935 2208 980 2272 M.
1003 2207 1149 2274 Duillius
1173 2231 1266 2293 roga·

136 2294 262 2374 tionem,
281 2293 423 2381 pertulit.
448 2316 488 2358 ea
510 2295 619 2359 omnia
640 2295 672 2359 in
694 2296 797 2382 pratis
815 2293 984 2359 Flaminiis
1008 2294 1146 2360 concilio
1161 2293 1271 2384 plebis

136 2390 219 2464 acta,
238 2403 341 2530 I‹puem
364 2403 450 2445 nunc
473 2381 594 2445 circum
616 2380 813 2445 Flaminium
835 2380 1011 2468 appellant.

99 2480 113 2528 1
269 2466 307 2530 V.
331 2466 397 2532 Per
417 2467 614 2551 interregem
630 2466 749 2530 deinde
769 2467 917 2532 consules
933 2468 1034 2531 creati
1050 2465 1088 2530 L.
1104 2464 1269 2551 Valerius,

134 2551 179 2616 M.
205 2551 373 2635 Horatius,
397 2553 453 2640 qni
475 2551 640 2638 externplo
664 2553 889 2638 magistratum
905 2562 1113 2639 occeperunt.
1130 2574 1268 2638 quorum

85 2649 88 2654 '
136 2637 326 2703 consulatus
348 2637 516 2726 popularis
540 2639 609 2702 sine
631 2638 699 2703 nlla
721 2647 851 2725 patrum
874 2639 991 2703 iniuria
1005 2660 1066 2702 nec
1082 2638 1152 2702 sine
1170 2639 1267 2704 offen·

100 2725 227 2788 ssione
248 2723 323 2789 fuit:
346 2726 507 2812 quidquid
532 2726 616 2789 enim
640 2724 784 2790 libertati
806 2723 914 2810 plebis
937 2733 1119 2807 caveretur,
1142 2724 1178 2788 id
1201 2725 1267 2789 suis

98 2826 114 2874 a
137 2810 296 2875 decedere
321 2808 436 2894 opibus
460 2810 649 2876 credebant.
674 2812 817 2876 omnium
839 2812 991 2896 primum,
1024 2831 1098 2874 cum
1121 2808 1265 2876 velutin

136 2905 344 2960 controverso
367 2897 437 2960 iure
461 2906 557 2974 esset,
580 2907 813 2962 tenerenturne
827 2907 937 2982 patres
953 2895 1144 2984 plebiscitis,
1161 2895 1265 2982 legem

135 2982 322 3046 centuriatis
346 2983 483 3048 comitiis
506 2981 620 3064 tulere,
644 2993 688 3067 ut,
713 2983 801 3068 quod
816 2983 964 3047 tributim
978 2981 1093 3071 plebes
1108 2983 1264 3061 iussisset,

133 3066 288 3156 populum
321 3077 462 3151 teneret3
496 3090 561 3156 qua
592 3067 665 3153 lege
696 3069 877 3134 tribuniciis
908 3067 1132 3152 rogationibus
1165 3068 1263 3133 telum

99 3155 327 3219 sacerrimum
351 3154 460 3219 datum
485 3165 541 3219 est.
577 3154 674 3218 aliam
708 3155 825 3219 deinde
857 3155 1062 3221 consularem
1092 3152 1202 3238 legem
1224 3152 1263 3217 de

133 3241 374 3328 provocatione,
419 3241 549 3305 unicum
594 3241 795 3326 praesidium
836 3239 1007 3323 libertatis,
1054 3237 1263 3306 decemvirali

134 3335 298 3412 potestate
321 3348 479 3407 eversam,
511 3349 576 3392 non
607 3329 782 3392 restituunt
805 3327 913 3409 modo,
946 3326 1004 3393 sed
1033 3327 1132 3390 etiam
1154 3328 1188 3392 in
1210 3346 1262 3412 po·

98 3421 256 3476 osterum
289 3414 439 3477 muniunt
468 3413 644 3477 sanciendo
675 3435 795 3477 novam
825 3411 942 3496 legem,
980 3434 1022 3477 ne
1061 3412 1134 3498 quis
1166 3411 1263 3478 ullum

134 3499 360 3581 magistratum
384 3498 454 3563 sine
476 3500 708 3586 provocatione
740 3510 881 3581 crearet;
917 3499 973 3587 qui
1004 3508 1160 3582 creasset,
1193 3517 1262 3563 eum

133 3585 183 3646 ius
214 3584 327 3669 fasque
359 3594 446 3650 esset
476 3585 592 3666 occidi,
623 3608 708 3650 neve
741 3608 780 3650 ea
817 3585 935 3650 caedes
975 3584 1123 3670 capitalis
1161 3604 1263 3650 noxae

95 3685 112 3733 o
133 3667 321 3745 haberetur.
346 3680 378 3734 et
401 3693 475 3735 cum
497 3670 627 3757 plebem
644 3672 720 3736 hinc
734 3673 976 3760 provocatione,
1000 3670 1077 3734 hinc
1092 3668 1263 3737 tribunicio

128 3754 255 3819 auxilio
287 3757 366 3820 satis
397 3756 590 3838 firmassent,
627 3758 706 3858 ipsis
738 3779 868 3845 quoque
905 3758 1053 3840 tribunis,
1083 3764 1129 3822 ‘ut
1160 3775 1260 3823 sacro·

112 3842 229 3903 sancti
251 3841 459 3930 viderentur,
491 3845 584 3912 ouius
605 3866 657 3911 reu
677 3866 785 3934 prope
803 3845 872 3909 iam
889 3844 1046 3908 memoria
1067 3840 1262 3915 aboleverat
