2738 4146
234 178 237 184 -
339 150 449 201 niens
467 149 541 228 xxi.
560 149 636 199 car.
656 152 697 200 1s.
718 153 758 201 19.
779 149 814 218 [a.
832 151 866 203 n.
885 167 911 202 0.
927 150 997 219 saal.
1194 142 1252 198 121

67 323 206 391 consilio
229 320 410 402 Saguntum
432 329 673 468 oppugnantem
689 321 930 408 deposcebatis3
955 333 1100 388 ceterum
1123 323 1205 388 haec

69 411 189 494 legatio
211 406 321 472 verbis
344 406 452 471 adhuc
487 427 578 471 emor
600 415 657 485 est,
680 428 717 470 re
740 410 893 493 asperior.
917 418 994 472 tunc
1017 411 1102 474 enim
1117 408 1240 477 Han-o

66 494 159 562 nibal
182 503 215 560 et
235 490 481 559 insimulabatur
512 501 545 556 et
571 492 823 576 deposcebatur:
856 515 941 558 nunc
973 494 1014 557 ab
1046 494 1140 560 nobis
1173 506 1206 560 et

66 581 232 648 confessio
264 578 381 666 culpae
402 579 594 665 exprimitur
617 587 649 642 et
670 589 706 643 ut
727 601 747 642 a
769 579 923 644 confessis
956 603 1007 643 res
1040 581 1203 667 extemplo

66 677 272 756 repetuntur.
304 687 365 746 ego
388 674 497 730 autem
518 685 593 744 non,
625 666 751 750 privato
784 665 958 751 publicone
991 666 1123 732 consilio
1148 671 1242 736 Sao

63 762 208 839 guntum
231 759 452 844 oppugnatum
475 751 524 832 sit,
559 750 780 836 quaerendum
813 773 972 830 censeam,
1006 753 1063 816 sed
1096 763 1205 818 utrum

64 844 142 906 iure
165 861 207 904 an
236 840 366 902 minna:
398 844 511 901 nostra
542 836 626 900 enim
649 835 733 900 haec
764 839 909 921 quaestio
941 847 1037 923 atque
1060 841 1238 909 animadv

61 928 180 991 versio
209 926 243 989 in
266 925 372 988 civem
392 932 539 986 nostrum
571 931 627 1000 est,
663 922 738 1007 quid
773 933 884 988 nostro
916 933 971 987 aut
1002 947 1060 989 suo
1091 925 1205 990 fecerit

63 1011 219 1088 arbitri03
243 1008 413 1074 vobiscum
435 1029 501 1072 una
523 1007 711 1093 disceptatio
736 1019 793 1089 est,
816 1008 985 1074 licueritne
1006 1033 1066 1096 per
1087 1010 1203 1077 foedus

63 1099 152 1163 fieri.
175 1099 284 1182 itaque
306 1097 457 1182 quoniam
481 1094 620 1158 discerni
642 1094 758 1179 placet,
792 1096 870 1181 quid
901 1093 1032 1181 publico
1056 1096 1199 1180 consilio,
1225 1120 1240 1168 8

61 1183 151 1272 quid
173 1205 233 1248 sua
255 1191 369 1268 sponte
390 1183 603 1265 imperatores
625 1179 753 1260 faciant,
780 1180 873 1246 nobis
896 1180 1066 1247 vobiscum
1087 1183 1203 1248 foedus

61 1280 122 1336 est
143 1293 164 1334 a
185 1267 222 1333 O.
245 1267 375 1331 Lutatio
399 1264 530 1330 consule
546 1268 655 1348 ictum,
678 1268 708 1329 in
733 1290 796 1353 quo
822 1289 896 1332 cum
927 1278 1097 1332 caveretur
1117 1278 1203 1334 utro·

62 1375 211 1443 rumque
241 1355 348 1435 sociis,
370 1351 449 1417 nihil
472 1351 514 1415 de
548 1350 731 1435 Saguntinis
758 1389 791 1397 —
823 1353 963 1418 necdum
995 1357 1080 1418 enim
1112 1365 1204 1420 erant

60 1444 152 1509 socii
174 1441 274 1504 vestri
299 1476 333 1484 -
360 1447 491 1503 cautum
514 1446 571 1502 est.
605 1447 638 1502 at
664 1439 748 1502 enim
780 1461 819 1502 eo
840 1438 983 1511 foedere,
1018 1440 1104 1526 quod
1128 1453 1240 1506 cuma

64 1524 282 1593 Hasdrubale
303 1527 403 1589 ictum
425 1532 483 1603 est,
507 1522 673 1607 Saguntini
696 1527 909 1610 excipiuntur.
934 1525 1091 1591 adversus
1114 1528 1203 1613 quod

67 1637 136 1699 ego
157 1609 239 1677 nihil
262 1611 406 1676 dicturus
429 1633 510 1689 sum,
534 1611 594 1674 nisi
617 1609 704 1696 quod
728 1632 747 1674 a
770 1609 862 1675 vobis
886 1610 992 1675 didici.
1025 1636 1083 1677 vos
1106 1615 1202 1693 enim,
1222 1627 1255 1675 10

60 1699 159 1788 quod
183 1697 220 1763 Ο.
243 1695 391 1761 Lutatius
414 1695 526 1760 consul
558 1698 663 1782 primo
685 1695 855 1761 nobiscum
882 1696 997 1761 foedus
1032 1701 1096 1780 icit,
1128 1702 1204 1785 quia

60 1807 178 1872 neque
201 1806 243 1849 ex
277 1784 467 1848 auctoritate
497 1792 625 1868 patrum
655 1803 717 1846 nec
738 1781 850 1869 populi
880 1785 970 1848 iussu
991 1786 1090 1848 ictum
1124 1795 1202 1867 crat,

60 1873 212 1954 negastis
227 1892 288 1935 vos
305 1891 343 1934 eo
365 1869 481 1947 teneri3
504 1870 613 1954 itaque
629 1867 714 1932 aliud
732 1869 774 1932 de
793 1871 918 1952 integro
933 1868 1048 1934 foedus
1070 1868 1202 1956 publico

60 1955 206 2025 consilio
239 1957 340 2021 ictum
371 1964 429 2019 est
462 1956 489 2019 si
518 1976 577 2018 vos
608 1975 673 2018 non
703 1964 815 2019 tenent
835 1955 970 2020 foedera
1003 1966 1112 2020 vestra
1141 1959 1203 2022 nisi
1222 1972 1252 2018 11

61 2068 115 2110 ex
135 2044 326 2108 auctoritate
349 2050 404 2106 aut
423 2043 515 2104 iussu
536 2049 644 2105 vestro
667 2043 739 2122 icta,
762 2062 803 2103 ne
825 2040 884 2105 nos
908 2042 1038 2128 quidem
1056 2041 1201 2108 Hasdru·

63 2128 154 2195 balis
174 2127 301 2207 foedus,
324 2126 411 2214 quod
427 2125 522 2190 nobis
543 2128 651 2191 insciis
673 2129 738 2206 icit,
762 2124 907 2211 obligare
929 2131 1041 2214 potuit.
1064 2129 1202 2216 proinde
1222 2146 1254 2194 12

61 2218 206 2283 omittite
233 2212 368 2296 Sagunti
397 2221 495 2299 atque
516 2211 633 2277 Hiberi
663 2214 858 2277 mentionem
888 2212 1006 2295 facere,
1038 2224 1079 2295 et,
1112 2215 1200 2301 quod

65 2303 128 2368 diu
149 2302 288 2389 parturit
309 2301 433 2365 animus
456 2307 574 2377 vester,
599 2297 772 2384 aliquando
794 2298 929 2385 pariat.“
954 2310 1022 2364 tum
1037 2299 1201 2366 Romanus
1222 2318 1254 2366 13

60 2391 144 2454 sinu
166 2409 209 2451 ex
238 2395 317 2469 toga
348 2385 433 2450 facto
469 2382 561 2466 „hic“
594 2387 697 2470 inquit
727 2385 840 2466 „vobis
871 2384 994 2450 bellum
1026 2394 1058 2449 et
1087 2409 1202 2473 pacem

59 2483 253 2562 portamus:
284 2480 394 2536 utrum
423 2469 541 2557 placet,
574 2470 720 2534 sumite“.
759 2471 819 2535 sub
851 2470 933 2535 hano
970 2493 1085 2536 vocem
1113 2472 1202 2537 haud

63 2562 176 2626 minus
197 2557 361 2640 ferociter,
395 2555 497 2633 daret,
528 2566 638 2620 utrum
669 2555 777 2638 vellet,
809 2555 1041 2622 succlamatum
1072 2566 1136 2639 est3
1171 2568 1203 2624 et
1221 2577 1255 2626 14

58 2669 145 2712 curn
166 2647 194 2710 is
215 2645 334 2725 iterum
356 2644 428 2708 sinu
451 2641 553 2707 effuso
576 2640 699 2707 bellum
722 2641 799 2706 dare
823 2642 967 2721 dixisset,
996 2646 1144 2730 accipere
1167 2667 1202 2710 se

60 2752 183 2798 omnes
206 2729 443 2816 responderunt
464 2737 505 2807 et,
529 2727 646 2816 quibus
670 2731 855 2814 acciperent
877 2731 1000 2811 animis,
1028 2731 1144 2796 iisdem
1167 2754 1202 2796 se

89 2827 229 2882 esturos.

58 2841 89 2904 g
172 2899 268 2966 XIX.
299 2899 393 2965 Haec
424 2899 556 2964 derecta
576 2903 797 2986 percunctatio
830 2923 869 2965 ac
896 2901 1094 2966 denuntiatio
1128 2902 1235 2968 bellil

59 2989 172 3073 magis
195 3010 237 3053 ex
254 2987 408 3071 dignitate
421 2984 534 3074 populi
554 2985 690 3050 Romani
705 2989 776 3050 visa
799 2997 848 3050 est
863 3010 960 3072 quam
976 2988 1018 3051 de
1033 2987 1201 3053 foederum

57 3078 138 3142 iure
152 3072 265 3138 verbis
282 3074 474 3158 disceptare,
491 3094 565 3136 cum
581 3082 664 3153 ante,
681 3081 749 3137 tum
764 3075 905 3137 maxime
921 3072 1064 3156 Sagunto
1081 3077 1199 3138 excisa.

59 3184 143 3227 nam
165 3161 194 3226 si
214 3159 390 3224 verborum
413 3157 653 3245 disceptationis
676 3180 728 3222 res
752 3169 846 3229 esset,
877 3159 953 3244 quid
978 3159 1094 3224 foedus
1117 3160 1236 3224 Has-2

63 3244 215 3312 drubalis
230 3268 306 3311 cum
319 3243 440 3308 Lutatii
460 3247 568 3331 priore
583 3244 727 3323 foedere,
751 3245 839 3330 quod
860 3255 1016 3309 mutatum
1033 3256 1090 3326 est,
1114 3269 1200 3311 com-

58 3332 250 3423 parandum
287 3327 377 3395 erat?
413 3352 488 3395 cum
520 3333 553 3395 in
585 3330 703 3395 Lutatii
733 3330 867 3395 foedere
899 3331 1018 3395 diserte
1056 3332 1235 3396 additum3

59 3429 163 3499 esset,
185 3420 232 3484 ita
253 3415 287 3481 id
303 3425 408 3481 ratum
421 3415 504 3497 fore,
528 3418 554 3481 si
570 3414 709 3502 populus
725 3419 913 3498 censuisset,
936 3420 968 3480 in
985 3417 1201 3482 Hasdrubalis

59 3505 199 3581 foedere
221 3524 284 3568 nec
307 3511 480 3589 exceptum
502 3501 567 3566 tale
590 3504 763 3588 quicquam
784 3503 889 3576 fuerit,
922 3514 954 3566 et
975 3513 1022 3567 tot
1045 3526 1201 3568 annorum

60 3591 191 3659 silentio
214 3593 262 3655 ita
290 3590 366 3654 vivo
397 3610 435 3653 eo
459 3588 694 3675 conprobatum
726 3593 767 3653 sit
787 3589 913 3669 foedus,
945 3600 981 3654 ut
1011 3611 1052 3652 ne
1075 3599 1201 3655 mortuo

85 3678 196 3745 uidam
219 3683 353 3741 auctore
376 3676 549 3761 quicquam
571 3684 758 3739 mutaretur.
783 3698 988 3760 quamquam,
1012 3678 1071 3739 etsi
1093 3679 1202 3762 priore

59 3702 372 3831 decantaretur,
405 3763 481 3825 satis
514 3770 643 3825 cautum
667 3771 736 3824 erat
758 3760 953 3844 Saguntinis,
987 3764 1082 3826 sociis
1114 3772 1201 3825 utro·

60 3873 202 3940 rumque
235 3849 395 3934 exceptis:
424 3869 499 3912 nam
531 3869 639 3936 neque
676 3847 829 3915 additum
859 3858 933 3913 erat
971 3850 1041 3930 giis,
1061 3849 1229 3931 1111111111
1249 3859 1271 3900 s
