2738 4146
375 111 481 160 LIBER
500 111 585 161 XXII.
606 110 680 161 onP.
700 113 740 162 14.
761 109 797 179 [a.
815 113 848 164 U.
867 127 889 162 c.
909 113 976 180 5371.
1205 103 1265 159 169

92 303 162 362 nos,
184 303 228 345 ne
259 280 378 346 civium
402 283 533 368 quidem
556 281 673 346 horum
697 283 808 368 pudet,
838 303 919 368 quos
945 284 1131 348 Sinuessam
1162 305 1214 349 co·

91 366 186 432 lonos
208 375 319 451 patres
341 369 444 431 nostri
464 369 630 449 miserunt,
653 378 689 430 ut
710 367 751 430 ab
767 366 910 433 Samnite
933 369 1027 434 hoste
1049 380 1119 432 tuta
1135 371 1215 436 haec

92 475 152 518 ora
174 463 270 534 esset,
304 475 400 538 quam
422 474 506 517 nuuc
528 475 591 516 non
614 453 738 517 vicinus
760 452 886 517 Samnis
908 456 981 538 urit,
1005 456 1063 519 sed
1087 457 1215 521 Poenus
1235 476 1250 521 o

91 540 232 618 advena,
256 538 297 602 ab
322 539 475 602 extremis
498 537 586 602 orbis
608 548 767 602 terrarum
788 541 933 604 terminis
956 550 1066 627 nostra
1086 552 1214 606 cuncta·

92 625 182 688 tione
206 632 240 687 et
262 625 412 688 socordia
433 624 497 688 iam
520 623 584 688 huc
599 622 813 708 progressus?
835 634 962 690 tantum-
978 627 1051 711 pro!
1077 627 1213 710 degene-
1237 649 1252 695 o

92 733 204 774 ramus
227 733 247 773 a
269 708 414 793 patribus
429 711 568 790 nostris,
590 719 635 790 ut,
652 720 893 794 praeterquam
910 734 999 776 oram
1015 711 1060 774 illi
1078 712 1215 777 Punicas

92 797 205 879 vagari
228 795 348 860 classes
372 793 514 858 dedecus
536 817 608 858 esse
630 796 757 879 imperii
779 797 828 857 sui
852 797 1011 874 duxerint,
1036 819 1105 861 eam
1124 821 1215 871 >nunc

92 880 224 967 plenam
257 881 397 945 hostium
420 879 698 965 Numidarumque
720 902 759 943 ac
792 881 977 945 Maurorum
1005 884 1067 945 iarn
1096 883 1212 948 factam

92 967 276 1030 videamus!
310 966 366 1051 qui
398 965 495 1030 modo
518 964 696 1047 Saguntum
724 968 904 1048 oppugnari
931 968 1127 1050 indignando
1150 991 1248 1037 nour

93 1052 242 1116 homines
264 1063 389 1115 tantum
413 1051 471 1113 sed
493 1051 627 1114 foedera
649 1062 682 1115 et
706 1051 783 1114 deos
807 1051 980 1125 debemus,
1005 1054 1212 1118 scandentem

93 1139 222 1202 moenia
235 1137 400 1201 Romanae
417 1134 560 1200 coloniae
575 1135 792 1200 Hannibalem
807 1135 885 1220 lenti
900 1150 1091 1222 spectamus.
1108 1139 1213 1204 fumus
1234 1164 1249 1212 ε

92 1246 137 1288 ex
158 1223 316 1287 incendiis
338 1221 487 1287 villarum
508 1242 723 1307 agrorumque
745 1223 777 1284 in
799 1221 908 1286 oculos
925 1234 1023 1309 atque
1039 1247 1095 1287 ora
1110 1228 1212 1305 venit;

94 1318 244 1393 strepunt
266 1331 361 1372 aures
384 1305 580 1371 clamoribus
602 1307 796 1390 plorantium
820 1309 988 1391 sociorum,
1012 1312 1139 1395 saepius
1155 1334 1212 1375 nos

92 1416 193 1479 quam
226 1396 359 1458 deorum
391 1393 610 1457 invocantium
638 1414 745 1477 opem:
781 1414 839 1457 nos
864 1393 915 1456 hic
938 1417 1092 1478 pecorum
1114 1397 1211 1461 modo
1299 1446 1304 1456 .

94 1503 157 1564 per
179 1481 322 1544 aestivos
344 1478 445 1543 saltus
468 1479 644 1562 deviasque
668 1478 765 1542 calles
782 1480 960 1543 exercitum
977 1481 1124 1544 ducimus
1141 1504 1213 1545 con·

94 1566 154 1629 diti
184 1565 325 1629 nubibus
352 1565 515 1648 silvisque.
547 1565 575 1628 si
606 1563 668 1629 hoc
689 1565 786 1628 modo
810 1566 1013 1648 peragrando
1047 1569 1247 1638 cacuminae

91 1650 261 1736 saltusque
284 1651 328 1715 ll.
344 1650 461 1734 Furius
483 1651 629 1734 recipere
652 1671 672 1712 a
694 1648 797 1714 Gallis
820 1650 935 1715 urbem
957 1650 1123 1729 voluisset,
1148 1675 1211 1736 quo

93 1737 149 1800 hic
169 1758 273 1801 novus
296 1735 460 1813 Camillus,
487 1735 581 1799 nobis
605 1729 742 1799 dictator
763 1736 876 1799 unicus
898 1737 931 1798 in
954 1737 1052 1800 rebus
1077 1736 1211 1800 adfectis

93 1824 270 1906 quaesitus,
293 1821 419 1884 Italiam
442 1819 483 1884 ab
506 1819 690 1885 Hannibale
705 1821 888 1908 reciperare
913 1831 1018 1903 parat,
1042 1820 1209 1886 Gallorum

92 1907 199 1972 Roma
230 1918 325 1977 esset.
358 1927 453 1991 quam
484 1927 601 1970 vereor
627 1927 669 1969 ne
692 1907 738 1970 sic
761 1905 983 1970 cunctantibus
1006 1908 1099 1971 nobis
1123 1907 1210 1970 Han·
1233 1934 1266 1981 10

91 1993 194 2056 nibali
216 1995 255 2057 ac
277 1993 397 2056 Poenis
419 1992 535 2055 totiens
558 1992 759 2056 servaverint
780 1993 919 2056 maiores
941 1993 1052 2057 nostri.
1081 1994 1139 2057 sed
1161 1994 1211 2056 vir
1233 2023 1264 2069 11

90 2101 134 2141 ac
165 2101 243 2143 vere
265 2079 438 2157 Romanus,
471 2098 535 2161 quo
570 2077 622 2141 die
646 2077 835 2141 dictatorem
859 2099 932 2142 eum
955 2100 998 2143 ex
1020 2079 1211 2143 auctoritate

92 2176 224 2248 patrum
246 2165 400 2248 iussuque
422 2161 534 2248 populi
557 2160 677 2226 diotbm
694 2162 792 2226 Veios
813 2162 946 2226 allatum
963 2173 1021 2244 est,
1038 2186 1110 2228 cum
1127 2175 1213 2229 esset

93 2251 173 2313 satis
197 2248 297 2312 altum
320 2247 507 2329 Ianiculum,
529 2247 586 2311 ubi
607 2248 722 2312 sedens
738 2258 965 2332 prospectaret
993 2250 1130 2327 hostem,
1155 2249 1211 2314 de·

93 2335 223 2398 scandit
248 2336 281 2397 in
305 2354 444 2419 aequum
475 2344 572 2418 atque
602 2333 657 2397 illo
679 2335 749 2417 ipso
775 2335 827 2397 die
849 2334 956 2397 media
978 2336 1011 2397 in
1034 2335 1125 2415 urbe,
1150 2357 1214 2419 qua

91 2442 181 2484 nunc
202 2420 297 2483 busta
320 2418 445 2483 Gallica
467 2429 551 2497 sunt,
579 2429 612 2482 et
635 2430 764 2503 postero
783 2419 835 2481 die
852 2421 933 2482 citra
950 2419 1072 2483 Gabios
1097 2423 1214 2483 cecidit

90 2503 263 2569 Gallorum
295 2503 449 2588 legiones.
482 2503 582 2589 quid?
612 2514 687 2590 post
708 2502 826 2567 multos
850 2526 950 2568 annos
974 2527 1045 2567 cum
1069 2504 1110 2567 ad
1132 2505 1213 2567 Fur·
1235 2516 1266 2564 lt

93 2591 186 2654 culas
210 2588 372 2655 Caudinas
404 2589 445 2652 ab
468 2588 611 2653 Samnite
642 2590 733 2653 hoste
762 2590 955 2672 subiugum
978 2590 1067 2652 missi
1091 2611 1212 2669 sumus,

89 2685 199 2740 utrum
224 2677 354 2739 tandem
376 2675 413 2739 L.
430 2675 581 2759 Papirius
604 2673 725 2739 Cursor
746 2677 822 2759 iuga
844 2674 965 2738 Samnii
987 2675 1214 2760 perlustrando

93 2783 137 2824 an
158 2761 330 2826 Luceriam
346 2762 525 2846 premendo
542 2761 787 2846 obsidendoque
804 2771 835 2824 et
850 2759 1039 2826 lacessendo
1056 2763 1213 2826 victorem

89 2846 221 2911 hostem
255 2846 426 2932 depulsum
457 2845 498 2910 ab
530 2847 683 2910 Romanis
715 2847 895 2911 cervicibus
927 2849 1038 2931 iugum
1070 2847 1211 2932 superbo

92 2931 231 2998 Samniti
262 2932 427 3016 inposuit?
460 2930 556 2995 modo
590 2931 625 2996 O.
659 2931 792 2996 Lutatio
825 2955 908 3017 quae
941 2933 1004 2996 alia
1034 2956 1087 2996 res
1116 2957 1211 3018 quarn
1233 2947 1272 2995 rt

88 3018 241 3083 celeritas
272 3018 442 3082 victoriam
476 3017 575 3094 dedit,
610 3019 696 3102 quod
724 3028 854 3101 postero
878 3018 940 3101 die,
964 3013 1060 3104 quam
1083 3018 1210 3081 hostem

88 3103 183 3186 vidit,
225 3103 360 3168 classem
393 3123 527 3186 gravem
567 3104 808 3180 commeatibus,
852 3104 1040 3188 impeditam
1088 3111 1214 3167 suomet

68 3191 195 3274 ‚ipsam
217 3189 429 3260 instrumento
461 3197 560 3273 atque
583 3200 750 3273 apparatu,
785 3188 965 3273 oppressit?
1000 3188 1134 3251 stultitia
1165 3197 1214 3251 est

88 3274 237 3339 sedendo
274 3283 331 3338 out
356 3276 440 3339 votis
473 3272 629 3337 debellari
665 3275 799 3337 credere
831 3294 941 3357 posse:
978 3296 1068 3336 arma
1104 3274 1213 3356 capias
1233 3288 1266 3337 14

89 3369 223 3445 oportet
258 3373 291 3425 et
328 3359 504 3424 descendas
527 3360 560 3423 in
582 3381 722 3444 aequum
745 3370 777 3423 et
799 3361 847 3422 vir
878 3381 949 3422 curn
985 3360 1052 3420 viro
1081 3380 1213 3440 congre·

90 3445 201 3510 diaris.
226 3445 393 3527 ,audendo
430 3457 528 3529 atque
571 3444 696 3527 agendo
737 3467 790 3508 res
826 3444 971 3508 Romana
1004 3446 1116 3520 crevit,
1151 3465 1214 3506 non

89 3530 142 3595 his
174 3531 327 3615 segnibus
367 3531 514 3612 consiliis,
553 3552 635 3615 quae
671 3530 774 3592 timidi
810 3540 903 3592 cauta
938 3529 1085 3594 vocent“.
1132 3528 1213 3591 haec
1233 3544 1265 3594 lo

89 3615 182 3681 velut
227 3618 423 3680 contionanti
469 3616 609 3678 llinucio
655 3614 974 3679 circumfundebatur
1013 3614 1212 3678 tribunorum

91 3703 301 3787 equitumque
332 3702 549 3765 Romanorum
587 3699 767 3783 multitudo,
802 3711 835 3764 et
880 3700 919 3783 ad
957 3723 1052 3764 aures
1084 3721 1212 3785 quoque

91 3787 228 3852 militum
258 3788 342 3851 dicta
364 3788 484 3850 ferocia
507 3784 753 3867 evolvebantur3
785 3808 832 3860 ac,
855 3787 882 3849 si
904 3785 1049 3850 militaris
1072 3785 1214 3869 suffragii
