2738 4146
349 126 461 177 LIBER
477 127 550 177 XXI.
570 126 646 178 cAP.
664 131 705 178 29.
726 129 767 180 30.
789 126 825 197 [a.
844 129 877 179 U.
896 144 919 178 c.
937 126 1011 197 536}
1208 116 1266 172 129

168 297 298 361 XXIX.
329 296 419 363 Dum
453 297 617 385 elephanti
651 302 850 384 traiciuntur,
887 300 1014 365 interim
1048 298 1217 364 'Hannibal
1244 320 1257 367 1

19 468 21 472 ι
81 382 243 448 Numidas
267 383 392 468 equites
408 385 600 470 quingentos
615 385 658 449 ad
675 397 781 451 castra
795 384 941 452 Romana
956 387 1088 451 miserat
1104 409 1217 474 specu-

81 469 194 552 latum,
217 469 275 534 ubi
297 478 331 553 et
352 480 491 556 quantae
514 472 627 554 copiae
650 482 759 536 essent
781 482 813 537 et
839 472 917 557 quid
948 482 1109 558 pararent.
1142 472 1219 538 huic
1243 493 1258 540 2

81 554 155 620 alae
188 557 332 640 equitum
357 558 461 635 missi,
493 566 530 621 ut
560 567 634 621 ante
666 557 788 623 dictum
816 569 875 640 est,
899 557 940 621 ab
965 562 1045 623 ostio
1068 558 1218 623 Rhodani

81 643 220 706 trecenti
229 641 450 708 Romanorum
461 646 585 729 equites
596 643 950 730 occurruntproelium
965 645 1104 709 atrocius
1121 667 1218 792 quam

81 751 143 812 pro
166 750 303 793 numero
326 730 540 813 pugnantium
563 729 682 793 editur:
710 752 785 795 nam
808 740 938 816 praeter
960 729 1061 794 multa
1082 755 1127 796 vu
1140 753 1218 794 nera
1242 748 1258 795 3

82 813 204 878 caedes
232 816 328 878 etiam
356 837 459 902 prope
484 838 545 902 par
575 819 738 901 utrimque
774 817 843 897 fuit,
872 815 1016 901 fugaque
1048 825 1080 880 et
1115 839 1219 903 pavor

80 900 300 966 Numidarum
330 901 483 966 Romanis
514 902 579 967 iam
611 902 789 967 admodum
810 902 903 966 fessis
925 904 1103 986 victoriam
1118 903 1216 966 dedit.

60 994 63 999 '
82 988 227 1052 victores
250 986 291 1049 ad
316 996 446 1051 centum
462 988 675 1073 quadraginta
690 1010 752 1051 nec
769 1011 880 1053 omnes
896 988 1043 1071 Romani,
1067 987 1126 1051 sed
1142 1010 1218 1075 pars

84 1071 267 1156 Gallorum,
289 1073 367 1138 victi
389 1095 441 1138 am
465 1072 526 1138 lius
559 1074 689 1138 ducenti
718 1075 915 1139 ceciderunt.
938 1073 1001 1139 hoc
1024 1074 1219 1162 principium
1244 1093 1260 1140 4

83 1157 181 1224 simul
204 1181 366 1245 omenque
389 1098 466 1222 belli
488 1169 525 1224 ut
547 1183 691 1225 summae
714 1183 824 1226 rerum
846 1183 1040 1247 prosperum
1056 1169 1217 1239 eventum,

82 1246 129 1310 ita
162 1245 250 1309 haud
274 1245 574 1333 sane-incruentam
607 1247 820 1333 ancipitisque
844 1248 1029 1311 certaminis
1051 1248 1219 1312 victoriam

84 1330 240 1396 Romanis
263 1331 436 1417 portendit.
469 1341 506 1396 ut
526 1332 631 1395 reita
653 1342 745 1414 gesta
767 1333 809 1396 ad
831 1343 1006 1417 utrumque
1030 1333 1149 1397 ducem
1169 1333 1220 1396 sui

83 1417 263 1496 redierunt,
297 1436 358 1481 nec
390 1416 533 1504 Scipioni
565 1427 651 1482 stare
682 1421 839 1483 sententia
869 1428 1007 1504 poterat,
1035 1419 1097 1483 nisi
1119 1427 1156 1483 ut
1178 1439 1261 1485 exo

84 1502 230 1577 consiliis
253 1505 441 1590 coeptisque
464 1503 565 1569 hostis
589 1513 622 1569 et
643 1505 865 1587 ipseconatus
882 1514 1025 1591 caperet,
1049 1515 1082 1569 et
1095 1504 1219 1567 Hanni·

84 1588 195 1654 balem
227 1590 394 1672 incertum,
426 1599 535 1654 utrum
566 1600 718 1676 coeptum
740 1593 772 1653 in
794 1591 922 1655 Italiam
944 1591 1128 1655 intenderet
1149 1592 1219 1669 iter,
1246 1612 1261 1659 6

84 1697 127 1740 an
161 1698 234 1740 cum
267 1697 316 1758 eo,
349 1675 405 1761 qui
438 1677 562 1761 primus
594 1699 629 1740 se
661 1675 831 1741 obtulisset
857 1677 1022 1742 Romanus
1046 1677 1222 1757 exercitus,

84 1783 201 1827 manus
233 1771 428 1840 consereret,
460 1763 578 1825 avertit
611 1783 631 1825 a
661 1764 824 1849 praesenti
855 1764 1032 1827 certamine
1064 1762 1220 1827 Boiorum

84 1846 268 1932 legatorum
289 1847 460 1934 regulique
475 1844 597 1931 Magali
618 1848 787 1930 adventus,
808 1849 871 1934 qui
886 1870 921 1912 se
945 1848 1043 1912 duces
1059 1849 1220 1929 itinerum,

85 1935 193 2000 socios
214 1934 353 2020 periculi
375 1933 445 2001 fore
468 1933 677 1998 adfirmantes
705 1935 830 2018 integro
853 1933 940 2000 bello
953 1956 1125 2021 ,nusquam
1147 1942 1220 1997 ante

83 2018 194 2085 libatis
216 2019 341 2084 viribus
356 2017 484 2084 Italiam
502 2019 760 2103 adgrediendam
775 2030 917 2086 censent.
941 2019 1112 2085 multitudo
1128 2021 1219 2083 time-

84 2104 144 2170 bat
175 2105 308 2191 quidem
334 2104 460 2170 hostem
490 2105 635 2170 nondum
658 2104 842 2171 oblitterata
864 2108 1021 2172 memoria
1044 2107 1220 2194 superioris

83 2190 174 2273 belli,
198 2192 258 2255 sed
279 2191 382 2275 magis
403 2193 465 2257 iter
486 2193 680 2257 immensum
702 2191 883 2280 Alpesque,
905 2215 976 2257 rem
998 2192 1085 2256 fama
1107 2193 1220 2276 utique
1246 2199 1261 2247 7

85 2278 139 2342 ine
189 2279 265 2342 ertis
288 2277 494 2346 horrendam,
518 2278 695 2342 metuebat.
1242 2304 1266 2340 ς

206 2362 282 2426 ΧΧ.
315 2363 430 2448 Itaque
461 2363 636 2444 Hannibal,
664 2373 837 2451 postquam
868 2365 930 2449 ipsi
953 2365 1109 2426 sententia
1133 2364 1221 2426 stetit
1246 2374 1259 2421 1

85 2471 227 2538 pergere
257 2450 305 2514 ire
336 2459 434 2534 atque
463 2448 589 2514 Italiam
619 2459 741 2536 petere,
774 2451 934 2513 advocata
957 2448 1106 2512 contione
1129 2450 1219 2512 varie

83 2534 224 2601 militum
245 2545 356 2599 versat
378 2537 501 2599 animos
522 2535 708 2617 castigando
732 2535 1017 2618 adhortandoque:
1040 2534 1151 2597 mirari
1173 2556 1219 2615 se,
1245 2546 1261 2594 2

84 2623 219 2708 quinam
241 2630 378 2707 pectora
399 2643 528 2708 semper
543 2622 698 2706 inpavida
717 2643 836 2709 repens
850 2630 956 2684 terror
971 2621 1136 2683 invaserit.
1158 2641 1220 2704 per

82 2717 133 2774 tot
162 2729 264 2774 annos
295 2708 462 2772 vincentes
494 2729 549 2772 eos
584 2708 747 2794 stipendia
784 2706 892 2770 facere
914 2727 1023 2791 neque
1053 2715 1130 2770 ante
1160 2705 1219 2769 Hi·

83 2795 200 2895 spania
215 2794 404 2872 excessisse,
421 2815 520 2878 quam
535 2815 647 2859 omnes
666 2801 845 2877 gentesque
861 2801 895 2856 et
908 2802 1026 2875 terrae,
1050 2814 1131 2877 quas
1155 2793 1219 2857 duo

84 2880 218 2945 drversa
239 2880 342 2944 maria
363 2878 610 2966 amplectantur,
644 2877 958 2962 Carthaginiensium
975 2887 1092 2941 essent.
1115 2878 1220 2959 indig·
1244 2892 1261 2940 3

81 2975 178 3031 natos
199 2964 327 3045 deinde,
351 2967 450 3051 quod,
474 2968 669 3052 quicumque
692 2964 872 3050 Saguntum
895 2964 1109 3046 obsedissent,
1130 2964 1222 3028 velut

84 3051 128 3118 ob
150 3072 273 3117 noxam
305 3050 367 3115 sibi
396 3051 472 3116 dedi
495 3050 675 3136 postularet
697 3050 836 3136 populus
859 3051 1033 3132 Romanus,
1058 3049 1220 3113 Hiberum

81 3137 251 3204 traiecisse
284 3136 327 3200 ad
360 3136 534 3201 delendum
566 3159 684 3202 nomen
706 3136 927 3202 Romanorum
949 3134 1219 3219 liberandumque

82 3223 200 3291 orbem
229 3230 399 3287 terrarum.
433 3231 503 3286 tum
539 3223 660 3287 nemini
692 3223 797 3287 visum
828 3222 862 3285 id
895 3221 1038 3305 longum,
1070 3243 1144 3285 cum
1176 3220 1217 3285 ab
1244 3231 1261 3279 4

83 3331 205 3377 occasu
236 3308 313 3375 solis
345 3308 388 3372 ad
420 3316 553 3373 exortus
586 3308 791 3372 intenderent
821 3309 898 3388 iter,
925 3329 1021 3388 nunc,
1044 3314 1218 3392 postquam
1242 3320 1258 3366 5

82 3395 187 3463 multo
209 3396 367 3464 maiorem
382 3404 508 3479 partem
523 3395 647 3458 itineris
665 3416 829 3458 emensam
846 3404 988 3475 cernant,
1013 3393 1218 3476 Pyrenaeum

83 3482 204 3549 saltum
225 3483 310 3545 inter
331 3480 547 3545 ferocissimas
570 3490 684 3565 gentes
700 3489 898 3565 superatum,
922 3478 1126 3550 Rhodanum,
1149 3488 1217 3541 tan-

79 3579 153 3635 tum
184 3589 322 3648 amnem,
356 3576 405 3633 tot
429 3566 560 3632 milibus
599 3565 768 3632 Gallorum
800 3564 1058 3653 prohibentibus,
1097 3565 1218 3628 domita

83 3656 183 3720 etiam
205 3654 306 3740 ipsius
329 3652 470 3717 fluminis
493 3654 526 3715 vi
548 3654 729 3736 traiectum,
752 3654 784 3714 in
807 3661 984 3738 conspectu
998 3648 1099 3733 Alpes
1114 3648 1216 3713 habe·

80 3749 148 3823 ant,
172 3761 310 3825 quarum
332 3737 471 3803 alterum
492 3737 575 3803 latus
598 3738 711 3803 Italiae
735 3740 785 3821 sit,
808 3741 841 3800 in
864 3739 941 3823 ipsis
957 3737 1058 3822 portis
1074 3734 1217 3801 hostium
1242 3749 1257 3796 6

79 3827 233 3911 fatigatos
249 3824 426 3889 subsistere
440 3861 484 3895 -,—
499 3825 577 3910 quid
602 3825 704 3912 Alpes
727 3823 815 3888 aliud
837 3845 909 3888 esse
932 3823 1105 3886 credentes
1119 3843 1225 3903 quam

123 3928 147 3963 r.
158 3928 204 3962 nv.
219 3926 271 3962 ιιι.
360 3929 364 3935 ·
1117 3922 1139 3967 q
