2738 4146
120 114 180 171 126
378 127 486 177 arnna
507 129 575 176 xxi.
595 127 670 176 cnr.
691 130 732 177 aa.
751 130 792 177 aa
813 126 846 194 [a.
866 127 899 177 n.
917 141 942 177 ο.
961 125 1034 195 aaa}

132 299 346 366 oMasonem.
382 298 414 362 id
444 321 573 385 quoque
602 298 736 363 dubium
764 308 820 378 est,
844 297 942 380 legati
964 298 1005 361 ad
1029 298 1302 384 expostulandum

167 389 256 449 missi
279 385 320 449 ad
344 384 440 450 Boios
463 385 571 449 violati
594 387 664 466 sint,
689 406 729 448 an
751 387 783 448 in
806 386 990 448 triumviros
1013 407 1126 467 agrurn
1143 395 1303 450 metantes

132 475 305 556 oinrpetus
333 473 374 535 sit
399 470 513 535 factus.
552 470 696 534 Mutinae
724 493 798 534 cum
826 469 1061 552 obsiderentur,
1089 480 1122 534 ct
1148 492 1229 554 gens
1258 472 1300 535 ad

168 557 458 643 oppugnandarum
484 556 614 621 urbium
641 567 726 620 artes
753 555 843 620 rudis
891 558 1067 642 pigerrima
1104 559 1221 620 eadem
1259 557 1302 621 ad

130 645 316 710 tinilitaria
348 664 456 729 opera,
500 645 607 723 segnis
644 644 770 706 intactis
808 643 973 705 adsideret
1009 644 1119 723 muris,
1157 641 1303 708 simulari

167 738 317 816 coeptum
346 727 387 791 de
413 748 495 814 pace
523 731 584 810 agi,
612 731 802 813 evocatique
831 728 871 791 ab
901 726 1072 791 Gallorum
1099 729 1302 815 principibus

166 814 263 898 legati
295 816 334 877 ad
369 813 575 899 conloquium
605 836 670 878 non
701 823 813 878 contra
843 816 892 878 ius
920 813 1017 877 modo
1045 815 1201 896 gentium,
1243 815 1302 879 sed

167 901 286 965 violata
308 902 520 985 etiarn-quae
545 899 620 963 data
640 902 672 963 in
694 899 726 963 id
751 910 879 985 ternpus
903 910 980 978 erat,
1008 897 1074 962 fide
1098 900 1301 986 conprehen-

168 987 296 1064 duntur,
319 987 511 1067 negantibus
536 984 648 1069 Gallis,
670 987 730 1049 nisi
754 985 884 1049 obsides
907 984 968 1049 sibi
990 985 1216 1068 redderentur,
1245 1008 1302 1052 eos

129 1093 145 1141 8
168 1073 366 1137 dimissuros.
396 1094 470 1135 cunr
498 1071 579 1135 haec
603 1072 642 1133 dc
665 1069 780 1153 legatis
803 1073 948 1135 nuntiata
976 1080 1092 1150 essent,
1122 1081 1154 1135 et
1176 1072 1303 1137 Mutina

166 1158 430 1245 praesidiumque
467 1158 498 1219 in
535 1156 681 1243 periculo
719 1167 813 1236 esset,
851 1155 889 1219 L.
919 1156 1059 1221 Manlius
1089 1167 1223 1242 praetor
1253 1161 1303 1223 ira

131 1266 147 1313 9
167 1265 322 1309 accensus
346 1243 484 1307 effusum
507 1264 623 1326 agmen
646 1243 687 1307 ad
711 1242 868 1307 Mutinam
884 1243 980 1306 ducit.
1005 1242 1106 1306 silvae
1122 1253 1199 1307 tunc
1215 1246 1314 1309 circa'

166 1334 253 1394 viam
280 1339 372 1394 erant
397 1327 562 1415 plerisque
588 1327 726 1394 incultis.
764 1327 809 1392 ibi
838 1327 1041 1415 inexplorato
1072 1329 1239 1416 profectus
1267 1333 1298 1394 in

166 1418 297 1481 insidias
319 1416 550 1502 praecipitatur
571 1414 736 1500 multaque
765 1437 838 1479 cum
866 1414 966 1479 caede
989 1436 1123 1479 suorum
1146 1438 1246 1500 aegre
1268 1419 1301 1481 in

116 1521 149 1568 10
167 1511 295 1589 apertos
318 1523 450 1587 campos
473 1503 612 1564 emersit.
635 1500 682 1564 ibi
704 1510 809 1565 castra
825 1502 1030 1581 communita,
1047 1509 1088 1582 et,
1105 1503 1182 1587 quia
1197 1501 1301 1567 Gallis

167 1589 206 1650 ad
240 1590 428 1675 temptanda
460 1608 499 1650 ea
529 1586 630 1651 defuit
657 1609 741 1672 spes,
773 1587 885 1650 refecti
918 1595 993 1651 sunt
1023 1585 1160 1651 rnilitum
1193 1590 1300 1671 animi,

34 1736 36 1740 .
116 1694 147 1741 11
168 1696 363 1760 quamquam
383 1673 424 1737 ad
441 1675 631 1759 quingentos
648 1672 804 1737 cecidisse
820 1674 896 1737 satis
913 1671 1089 1737 constabat
1105 1675 1167 1737 iter
1182 1673 1301 1739 deinde

167 1763 208 1822 de
230 1762 356 1842 integro
380 1768 540 1847 coeptum,
568 1781 638 1838 nec,
663 1757 741 1822 dum
762 1781 822 1845 per
855 1761 998 1845 patentia
1024 1757 1098 1822 loca
1120 1759 1302 1825 ducebatur

116 1867 148 1914 12
167 1868 292 1929 agmen,
315 1868 453 1931 usquam
476 1847 625 1931 apparuit
646 1844 764 1925 hostis,
801 1843 859 1908 ubi
885 1867 996 1909 rursus
1025 1843 1126 1908 silvae
1152 1848 1300 1930 intratae,

165 1942 234 1997 tum
264 1941 446 2018 postremos
480 1931 585 1995 adorti
617 1953 690 1994 cum
724 1953 841 2013 magna
866 1930 1080 2017 trepidatione
1112 1953 1151 1996 ac
1176 1955 1301 2017 pavore

166 2020 308 2082 omnium
331 2020 550 2103 septingentos
572 2015 688 2081 milites
711 2017 910 2097 occiderunt,
934 2039 994 2080 sex
1017 2019 1109 2097 signa
1134 2017 1299 2084 ademere.

116 2127 148 2172 13
165 2103 237 2167 finis
261 2112 293 2167 et
316 2102 418 2167 Gallis
440 2102 609 2166 territandi
625 2111 657 2166 et
677 2102 819 2189 pavendi
841 2101 901 2166 fuit
921 2101 1085 2181 Romanis,
1109 2113 1146 2167 ut
1167 2125 1185 2168 e
1216 2105 1300 2171 saltu

165 2192 252 2255 invio
276 2198 372 2275 atque
394 2189 549 2275 impedito
566 2211 710 2254 evasere.
727 2188 802 2252 inde
819 2190 937 2274 apertis
953 2187 1032 2254 locis
1048 2189 1143 2254 facile
1157 2199 1299 2257 tutantes

167 2297 282 2359 agmen
308 2275 446 2339 Romani
472 2275 663 2356 Tannetum,
697 2277 805 2339 vicum
836 2277 1053 2362 propinquum
1084 2274 1186 2358 Pado,
1224 2300 1299 2345 con·
1359 2340 1363 2352 ,

116 2386 149 2432 14
166 2361 309 2425 tendere.
346 2361 392 2424 ibi
429 2383 463 2426 se
501 2363 699 2425 munimento
744 2361 785 2424 ad
829 2370 957 2447 tempus
1000 2362 1300 2451 commeatibusque

165 2446 304 2512 fluminis
332 2457 364 2511 et
389 2447 615 2512 Brixianorum
648 2448 742 2511 etiarn
776 2445 946 2511 Gallorum
982 2445 1103 2512 auxilio
1140 2449 1299 2516 adversus

166 2543 364 2598 crescentem
386 2536 419 2597 in
444 2533 511 2597 dies
534 2533 772 2597 multitudinem
795 2532 933 2596 hostium
957 2532 1155 2598 tutabantur.

130 2641 142 2687 1
268 2619 393 2682 XXVI.
419 2616 483 2696 Qui
505 2618 660 2684 tumultus
676 2640 793 2704 repens
808 2627 980 2706 postquam
1003 2629 1052 2683 est
1073 2620 1212 2685 Romam
1226 2643 1298 2708 per-

165 2705 258 2788 latus,
297 2715 330 2769 et
359 2705 518 2769 Punicum
549 2707 681 2791 insuper
714 2703 840 2769 Gallico
873 2703 993 2768 bellum
1027 2715 1158 2771 auctum
1190 2717 1298 2794 patres

129 2800 369 2877 aacceperunt,
395 2789 431 2854 O.
456 2789 588 2854 Atilium
610 2800 795 2877 praetorem
819 2813 893 2854 cum
916 2813 981 2855 una
1002 2789 1131 2874 legione
1152 2793 1299 2859 Romana

166 2887 198 2940 et
226 2877 367 2962 quinque
394 2875 523 2941 milibus
554 2880 715 2941 sociorum
743 2875 863 2941 dilectu
891 2899 976 2942 novo
1004 2899 1025 2941 a
1053 2879 1187 2944 consule
1225 2903 1297 2945 con·

166 2965 292 3048 scriptis
315 2961 470 3027 auxilium
493 2961 578 3026 ferre
601 2961 721 3026 Manlio
744 2961 865 3043 iubent,
886 2965 941 3111 qai
957 2965 1026 3028 sine
1040 2963 1106 3029 ullo
1123 2969 1299 3031 certamine

168 3085 204 3095 -
230 3048 456 3113 abscesserant
479 3051 562 3112 enirn
587 3059 675 3113 rnetu
699 3049 806 3113 hostes
829 3084 873 3094 —
924 3060 1075 3115 annetum
1096 3055 1256 3136 pervenit.

127 3160 144 3207 3
267 3134 312 3198 Et
333 3134 370 3197 P.
387 3132 555 3199 Cornelius
576 3134 732 3199 inlocum
749 3137 827 3216 eius,
846 3157 929 3220 quae
945 3138 1043 3201 missa
1058 3159 1132 3200 cum
1147 3148 1299 3224 praetore

166 3231 244 3302 erat,
268 3221 388 3307 scripta
409 3219 536 3304 legione
558 3243 643 3285 nova
665 3221 830 3306 profectus
852 3220 894 3284 ab
911 3221 992 3284 urbe
1008 3225 1180 3307 sexaginta
1195 3224 1298 3311 longis

164 3306 301 3372 navibus
323 3316 453 3394 praeter
475 3331 565 3372 oram
588 3307 737 3372 Etruriae
755 3308 976 3394 Ligurumque
992 3317 1024 3372 et
1037 3309 1113 3372 inde
1129 3309 1299 3377 Saluvium

165 3401 290 3456 montes
313 3395 463 3478 pervenit
484 3392 660 3457 Massiliam
686 3394 779 3456 etad
804 3395 988 3478 proximum
1012 3395 1129 3459 ostium
1145 3397 1298 3464 Rhodani

128 3507 207 3553 4—
227 3478 376 3564 pluribus
400 3481 482 3542 enirn
508 3479 631 3542 divisus
659 3482 761 3544 amnis
787 3481 820 3542 in
847 3501 935 3543 mare
966 3481 1172 3547 decurrit-
1194 3495 1301 3551 castra

165 3563 259 3645 locat,
283 3564 419 3628 vixdum
441 3567 517 3629 satis
542 3565 678 3628 credens
696 3563 908 3628 Hannibalem
924 3588 1095 3651 superasse
1110 3560 1299 3654 Pyrenaeos

130 3681 146 3728 ὅ
166 3661 300 3715 montes.
325 3672 421 3736 quem
443 3662 479 3714 nt
503 3650 542 3713 de
557 3649 706 3714 Rhodani
722 3672 851 3735 quoque
867 3655 1002 3717 transitu
1017 3655 1140 3736 agitare
1154 3657 1298 3737 animad-

165 3739 270 3816 vertit,
303 3739 453 3814 incertus,
493 3758 631 3821 quonam
665 3739 695 3800 ei
721 3736 794 3802 loco
822 3748 1017 3822 occurreret,
1051 3741 1194 3807 necdum
1222 3746 1299 3810 satis

155 3821 291 3886 terteris
317 3821 360 3885 ab
389 3824 563 3888 iactatione
593 3824 751 3887 maritima
783 3821 947 3903 militibus,
979 3834 1142 3894 trecentos
1171 3831 1297 3896 interim
