2738 4146
88 142 148 199 174
300 217 301 221 ¹
386 156 494 205 LIBER
512 156 595 205 XXII.
619 155 693 205 CAP.
713 158 753 205 20.
773 159 814 206 21.
838 155 871 222 [a.
889 155 922 206 U.
941 171 964 206 c.
983 154 1052 222 5371.

138 338 245 392 tanter
276 328 414 392 insecuti
445 329 609 412 trepidam
647 327 789 391 hostium
821 325 969 409 classem,
1009 349 1123 415 naves,
1148 349 1277 410 omnes,

104 432 221 498 aquae
243 435 307 477 non
339 424 395 478 aut
417 413 642 499 perfregerant
672 435 785 500 proras
817 413 905 477 litori
934 412 1046 477 inlisas
1069 423 1124 476 aut
1147 416 1277 478 carinas

138 502 277 563 fixerant
300 502 404 576 vadis,
436 499 588 582 religatas
620 499 786 587 puppibus
818 500 850 562 in
882 498 983 563 altum
1013 509 1198 582 extraxere,
1232 501 1276 562 ad

138 589 281 672 quinque
316 595 348 649 et
378 587 492 669 viginti
523 608 624 650 naves
648 608 665 649 e
689 585 906 670 qnadraginta
938 607 1066 670 cepere.
1098 607 1208 671 neque
1239 587 1276 648 id

138 671 391 757 pulcherrimum
421 673 490 735 eius
512 673 666 735 victoriae
690 672 759 753 fuit,
784 672 843 735 sed
866 672 953 756 quod
977 693 1042 734 una
1073 670 1138 735 levi
1163 694 1277 756 pugna

102 776 118 822 3
138 768 205 822 toto
230 759 297 822 eius
321 780 398 822 orae
421 758 502 820 mari
527 759 620 841 potiti
644 768 744 821 erant.
783 758 894 842 itaque
921 757 968 820 ad
992 755 1139 820 Onusam
1167 756 1275 820 classe

103 845 298 928 aprovecti3
323 845 467 908 escensio
491 843 532 907 ab
554 843 693 907 navibus
725 843 757 906 in
780 853 899 906 terram
922 843 1017 907 faeta.
1059 865 1132 906 curn
1156 844 1276 908 urbem

139 931 168 992 vi
186 931 350 1013 cepissent
366 939 560 1015 capta'mque
577 930 795 1015 diripuissent,
813 927 1044 1012 Carthaginem
1059 929 1138 993 inde
1155 938 1275 1015 petunt

104 1039 119 1084 a
138 1028 236 1100 atque
253 1037 380 1078 ornnem
398 1038 512 1098 agrum
529 1017 616 1080 circa
639 1014 828 1099 depopulati
845 1025 1011 1099 postremo
1036 1024 1122 1078 tecta
1139 1036 1274 1099 quoque

103 1126 118 1172 n
139 1103 279 1164 iniuncta
300 1124 391 1164 muro
407 1102 576 1186 portisque
591 1101 811 1166 incenderunt.
837 1102 913 1165 inde
936 1101 1000 1164 iam
1023 1101 1147 1184 praeda
1162 1102 1275 1184 gravis

138 1187 179 1249 ad
201 1186 440 1270 Longunticam
463 1188 610 1270 pervenit
634 1185 755 1260 classis,
779 1186 908 1252 ubivis
931 1208 1050 1270 magna
1073 1188 1175 1271 sparti
1200 1196 1273 1250 erat

139 1273 179 1334 ad
211 1295 280 1336 rem
312 1274 475 1336 nauticam
507 1282 661 1356 congesta
692 1271 733 1336 ab
757 1272 974 1337 Hasdrubale.
1008 1273 1094 1358 quod
1128 1273 1206 1336 satis
1240 1273 1274 1335 in

104 1379 232 1432 rusum
254 1358 315 1422 fuit
337 1357 473 1439 sublato,
510 1369 655 1423 ceterum
678 1381 773 1423 omne
796 1360 962 1423 incensum
986 1371 1043 1422 est.
1082 1380 1145 1422 nec
1169 1361 1274 1423 conti-

138 1447 242 1508 nentis
274 1445 373 1508 modo
404 1443 571 1527 praelecta
603 1455 652 1507 est
683 1467 748 1520 ora,
788 1445 846 1507 sed
878 1445 911 1507 in
943 1444 1092 1508 Ebusum
1130 1442 1273 1508 insulam

101 1532 371 1605 giransmissum.
410 1530 455 1594 ibi
492 1530 583 1608 urbe,
616 1552 699 1616 quae
737 1541 836 1615 caput
872 1529 995 1594 insulae
1034 1540 1093 1611 est,
1131 1529 1275 1594 biduum

135 1618 331 1701 nequiquam
355 1638 480 1679 summo
506 1616 618 1680 labore
643 1626 838 1699 oppugnata,
868 1615 925 1679 ubi
956 1618 987 1677 in
1013 1639 1104 1702 spem
1137 1617 1276 1679 inritam

100 1731 116 1778 9
137 1701 257 1765 frustra
278 1703 339 1765 teri
353 1711 481 1786 tempus
498 1703 759 1765 animadversum
783 1712 840 1779 est,
866 1702 906 1764 ad
930 1700 1176 1788 populationem
1201 1703 1276 1786 agri

136 1788 233 1865 versi,
272 1788 406 1873 direptis
438 1787 562 1874 aliquot
592 1789 797 1872 incensisque
828 1788 906 1852 vicis
938 1789 1061 1851 maiore
1092 1809 1190 1872 quam
1230 1811 1277 1852 ex

85 1925 87 1929 .
138 1873 312 1938 continenti
348 1874 472 1958 praeda
508 1883 601 1958 parta
641 1896 715 1936 curn
757 1872 791 1936 in
826 1880 927 1938 naves
981 1895 1016 1936 se
1061 1874 1276 1959 recepissent,

140 1982 182 2022 ex
203 1957 387 2023 Baliaribus
414 1957 526 2021 insulis
557 1958 655 2041 legati
686 1981 801 2044 pacem
832 1968 979 2044 petentes
1012 1958 1053 2022 ad
1078 1957 1274 2045 Scipionem

87 2077 120 2125 10
139 2054 307 2109 venerunt.
340 2045 415 2107 inde
445 2043 533 2108 flexa
563 2055 650 2109 retro
683 2044 796 2108 classis
827 2045 1033 2129 reditumque
1060 2045 1093 2108 in
1117 2045 1276 2110 citeriora

88 2168 118 2212 11
140 2131 336 2215 provinciae,
354 2153 417 2216 quo
435 2131 576 2194 omnium
589 2130 794 2216 populorum,
811 2131 867 2218 qui
882 2132 927 2193 cis
939 2131 1096 2194 Hiberum
1114 2128 1272 2211 incolunt,

140 2214 316 2279 multorum
339 2226 372 2279 et
387 2215 518 2280 ultimae
536 2216 711 2301 Hispaniae
733 2215 832 2300 legati
856 2226 1104 2294 concurrerunt3
1129 2218 1188 2281 sed
1213 2219 1272 2302 qui

138 2323 215 2365 vere
239 2301 375 2364 dicionis
397 2303 590 2388 imperiique
612 2302 750 2366 Romani
781 2302 859 2367 facti
890 2304 954 2366 sint
985 2301 1155 2367 obsidibus
1188 2302 1277 2368 datis

88 2427 119 2472 ,ρ
138 2385 260 2472 populi,
295 2386 434 2471 amplius
470 2387 561 2453 fuere
600 2399 728 2453 centum
758 2389 881 2471 viginti.
920 2389 1019 2472 igitur
1055 2389 1275 2454 terrestribus

138 2495 267 2559 quoque
291 2475 393 2556 copiis
416 2475 493 2537 satis
509 2473 613 2538 fidens
636 2474 801 2537 Romanus
824 2496 928 2560 usque
951 2475 991 2537 ad
1016 2472 1135 2538 saltum
1153 2472 1274 2539 Castu-

137 2560 300 2623 lonensem
318 2570 368 2623 est
382 2582 583 2644 progressus.
607 2559 795 2623 Hasdrubal
811 2561 843 2623 in
859 2560 1060 2624 Lusitaniam
1076 2581 1116 2624 ac
1131 2561 1272 2646 propius

139 2645 305 2711 Oceanum
329 2647 496 2709 concessit.

103 2747 114 2791 1
238 2730 332 2794 XXI.
358 2729 512 2809 Quietum
542 2731 618 2794 inde
649 2730 720 2795 fore
746 2730 922 2795 videbatur
948 2724 1112 2815 reliquum
1134 2733 1276 2796 aestatis

101 2829 266 2901 atempus
298 2816 477 2901 fuissetque
508 2838 569 2900 per
589 2816 738 2882 Poenum
769 2816 911 2896 hostem3
945 2816 1003 2880 sed
1035 2825 1274 2902 praeterquam

138 2902 225 2988 quod
257 2903 404 2987 ipsorum
435 2902 652 2986 Hispanorum
679 2903 824 2988 inquieta
846 2903 1010 2988 avidaque
1032 2902 1066 2965 in
1088 2924 1192 2966 novas
1218 2925 1274 2968 res

97 2997 212 3054 esunt
241 2989 379 3070 ingenia,
412 2987 606 3052 Mandonius
640 2987 863 3073 Indibilisque,
894 2989 948 3073 qui
971 2996 1068 3052 antea
1089 2986 1275 3072 Ilergetum

136 3072 267 3157 regulus
290 3073 407 3157 fuerat,
430 3084 602 3159 postquam
619 3070 754 3138 Romani
775 3075 816 3136 ab
833 3073 918 3138 saltu
933 3095 1100 3138 recessere
1117 3073 1158 3137 ad
1176 3076 1274 3138 mari·

136 3161 249 3223 timam
272 3181 373 3237 oram,
397 3160 533 3224 concitis
556 3159 768 3245 popularibus
791 3160 823 3222 in
847 3182 962 3244 agrum
985 3168 1140 3244 pacatum
1165 3162 1271 3224 socio-

100 3266 207 3313 trum
240 3244 459 3310 Romanorum
491 3245 532 3308 ad
565 3244 788 3330 populandum
818 3254 987 3310 venerunt.
1022 3246 1181 3309 adversus
1217 3268 1273 3310 eos

137 3329 257 3393 tribuni
280 3332 419 3396 militum
442 3353 516 3395 cum
540 3332 704 3417 expeditis
728 3331 856 3395 auxiliis
880 3355 899 3396 a
923 3331 1075 3416 Scipione
1097 3332 1189 3395 missi
1206 3329 1273 3396 levi

137 3418 323 3501 certamine,
346 3426 383 3481 ut
404 3415 645 3481 tumultuariam
668 3439 809 3500 manum,
832 3417 947 3483 fudere
971 3416 1059 3482 mille
1081 3415 1272 3481 hominibus

100 3525 116 3572 5
137 3503 262 3585 occisis,
292 3502 488 3588 quibusdam
511 3505 613 3588 captis
636 3527 820 3589 magnaque
845 3514 936 3588 parte
959 3505 1057 3568 armis
1081 3513 1193 3567 exuta.
1217 3501 1271 3566 hic

137 3598 247 3651 tamen
277 3587 434 3652 tumultus
468 3589 637 3653 cedentem
670 3591 712 3653 ad
746 3589 913 3654 Oceanum
944 3585 1189 3653 Hasdrubalem
1223 3588 1268 3652 cis

102 3699 118 3746 6
138 3672 297 3737 Hiberum
321 3675 361 3737 ad
385 3675 490 3739 socios
515 3676 666 3738 tutandos
689 3676 834 3738 retraxit.
860 3682 966 3738 castra
988 3674 1112 3739 Punica
1135 3675 1168 3739 In
1189 3695 1268 3760 agro

137 3758 447 3843 Ilergavonensium,
480 3770 587 3825 castra
609 3761 756 3824 Romana
786 3761 827 3823 ad
850 3759 977 3823 Novam
1005 3758 1143 3826 classem
1167 3770 1268 3843 erant,

89 3864 199 3912 reum
221 3844 313 3908 fama
335 3868 456 3932 repens
482 3846 545 3911 alio
569 3847 688 3911 avertit
702 3845 834 3911 bellum.
852 3843 1017 3928 Celtiberi,
1035 3847 1092 3931 qui
1103 3847 1267 3933 principes
