2738 4146
362 95 993 168 nmEBmcnP.uo.o1.[au.eco⁶].
1213 89 1275 147 att

91 267 211 350 verbis,
235 268 327 333 cuius
348 269 441 334 iussn
462 278 572 334 castra
593 268 824 349 deseruissent,
848 281 905 336 aut
919 271 999 358 quid
1014 270 1076 336 sibi
1093 272 1223 357 vellent,

91 356 145 444 qui
167 355 289 419 armati
311 352 511 420 Aventinum
533 355 738 422 obsedissent
760 357 914 443 belloque
934 380 1051 422 averso
1067 359 1109 423 ab
1124 358 1224 423 hosti-

90 442 150 507 bus
173 441 316 526 patriam
339 463 432 507 suam
448 443 623 528 cepissent
639 464 702 507 non
719 443 831 525 defuit,
848 443 937 529 quod
952 446 1224 533 responderetur3
1243 463 1277 511 to

91 529 215 610 deerat,
240 527 297 613 qui
320 527 414 592 daret
434 550 629 614 responsum
650 528 819 595 nullodum
842 541 932 596 certo
957 531 1040 596 duce
1064 552 1125 596 nec
1146 533 1224 596 satis

90 613 289 680 audentibus
311 613 448 698 singulis
469 615 611 679 invidiae
634 638 669 681 se
692 615 819 680 offerre.
846 616 880 679 id
914 618 1014 682 modo
1038 638 1058 679 a
1079 617 1224 683 multitu·

91 701 165 767 dine
189 698 428 765 conclamatum
452 709 512 782 est,
545 712 581 765 ut
608 702 646 766 L.
669 700 838 767 Valerium
860 712 894 768 et
915 703 961 767 M.
985 703 1159 769 Horatium
1182 703 1225 768 ad

91 809 125 854 se
147 787 333 852 mitterent:
356 787 454 852 iisse
477 788 611 853 daturos
633 810 836 873 responsum.

192 869 252 938 LI.
275 871 429 936 Dimissis
459 871 576 959 legatis
598 873 752 939 admouet
785 872 905 938 milites
926 873 1102 959 Verginius
1132 875 1165 938 in
1187 897 1224 940 re
1244 895 1258 942 1

92 981 155 1024 non
177 957 326 1022 maxima
347 957 445 1044 paulo
468 970 544 1025 ante
574 961 771 1045 trepidatum
794 980 877 1041 esse,
910 961 986 1046 quia
1017 962 1086 1026 eine
1118 963 1223 1048 capite

91 1045 267 1110 multitudo
289 1044 397 1126 fuerit,
432 1067 700 1133 responsumque,
739 1067 936 1132 quamquam
959 1068 1025 1111 non
1055 1046 1222 1131 inutiliter,

91 1131 225 1196 fortuito
247 1140 360 1196 tamen
380 1131 483 1214 magis
506 1153 667 1197 consensu
690 1155 787 1218 quam
811 1133 975 1196 communi
991 1133 1125 1197 consilio
1142 1156 1224 1197 esse.
1315 1170 1320 1182 ·

112 1217 225 1283 lacere
240 1217 357 1282 decem
374 1219 489 1300 creari,
513 1219 568 1305 qui
583 1241 730 1283 summae
748 1220 795 1282 rei
811 1228 1012 1305 praeessent,
1028 1218 1225 1306 militarique
1245 1234 1260 1282 2

92 1240 218 1369 lonore
255 1302 404 1368 tribunos
441 1303 579 1369 militum
616 1304 786 1391 appellari.
832 1327 905 1368 cum
936 1305 978 1367 ad
1011 1327 1085 1368 eum
1118 1307 1259 1390 ipsumt

93 1392 235 1476 primum
266 1391 294 1454 is
324 1388 430 1454 honos
461 1389 654 1476 deferretur,
687 1388 896 1472 „melioribus
929 1391 1010 1455 meis
1041 1393 1158 1455 vestris
1185 1414 1225 1455 ue

92 1477 191 1542 rebus
213 1475 401 1541 reservate“
424 1476 531 1563 inquit
553 1477 636 1557 ,ista
657 1477 699 1541 de
721 1499 774 1541 me
796 1477 929 1557 iudicia3
966 1499 1028 1542 nec
1058 1477 1136 1541 mihi
1158 1413 1261 1545 dliat
1304 1488 1309 1498 “

92 1561 197 1628 inulta
218 1561 378 1628 honorem
399 1560 503 1627 ullum
523 1563 702 1628 iucundum
733 1585 805 1628 esse
826 1563 961 1648 patitur,
992 1584 1054 1626 nec
1084 1564 1118 1627 in
1150 1586 1224 1649 per-

92 1649 225 1714 turbata
246 1670 283 1713 re
305 1646 440 1735 publica
461 1669 519 1713 eos
540 1648 621 1714 utile
643 1658 695 1714 est
715 1670 870 1735 praeesse
884 1647 989 1730 vobis,
1013 1651 1068 1735 qui
1083 1650 1226 1736 proximi

92 1733 236 1802 invidiae
257 1735 331 1799 siut.
355 1733 381 1798 si
405 1734 478 1820 quis
499 1758 579 1800 usus
601 1736 666 1800 mei
689 1745 748 1816 est,
774 1733 874 1799 nihilo
897 1735 1003 1798 minor
1025 1756 1067 1800 ex
1096 1737 1225 1822 privato
1244 1757 1261 1805 o

93 1821 274 1908 capietur“.
296 1823 342 1885 ita
364 1819 478 1885 decem
500 1842 637 1885 numero
658 1821 807 1886 tribunos
835 1818 992 1884 militares
1016 1831 1138 1885 creant.
1244 1846 1260 1893 6

195 1905 313 1993 Neque
334 1906 367 1970 in
390 1905 519 1971 Sabinis
542 1908 666 1993 quievit
687 1908 860 1973 exercitus.
884 1906 930 1970 ibi
946 1928 1078 1992 quoque
1093 1915 1226 1973 auctore
1245 1932 1260 1978 τ

91 1992 185 2058 Icilio
209 1991 459 2079 Numitorioque
491 1995 633 2058 secessio
663 1992 705 2058 ab
737 1993 932 2058 decemviris
963 1993 1051 2057 facta
1084 2005 1225 2058 estnon

91 2079 219 2144 minore
252 2086 344 2144 motu
377 2079 560 2144 animorum
590 2077 687 2144 Siccii
721 2079 831 2144 caedis
868 2082 1027 2145 memoria
1056 2091 1224 2160 renovata,

94 2187 190 2253 quam
215 2186 314 2250 quem
335 2186 424 2229 nova
443 2164 531 2229 fama
553 2167 595 2230 de
616 2167 743 2249 virgine
765 2164 847 2229 adeo
870 2164 967 2229 foede
992 2166 1033 2230 ad
1055 2165 1226 2232 libidinem

91 2252 194 2334 petita
216 2249 420 2316 accenderat.
458 2251 580 2335 Icilius,
612 2252 669 2316 ubi
701 2252 827 2316 audivit
857 2251 1006 2316 tribunos
1036 2251 1170 2317 rnilitum
1192 2253 1260 2327 ing

91 2335 258 2402 Aventino
281 2347 420 2421 creatos,
452 2359 495 2400 ne
519 2339 722 2403 comitiorum
745 2337 933 2401 militarium
963 2340 1225 2422 praerogativam

90 2423 217 2488 urbana
239 2423 371 2488 comitia
391 2422 508 2488 iisdem
529 2421 668 2489 tribunis
691 2422 796 2510 plebis
827 2423 975 2487 creandis
998 2433 1224 2509 sequerentur,

90 2511 215 2596 peritus
238 2531 348 2575 rerum
370 2508 577 2596 popularium
599 2511 836 2595 imminensque
859 2510 890 2573 ei
911 2510 1065 2595 potestati
1090 2519 1123 2574 et
1144 2509 1224 2594 ipse,
1244 2531 1260 2579 a

89 2597 283 2697 priusquam
305 2596 410 2660 iretur
431 2596 475 2660 ad
488 2596 616 2678 urbem,
629 2598 702 2682 pari
717 2604 880 2682 potestate
896 2595 1037 2659 eundem
1052 2618 1225 2661 numerum

90 2681 131 2747 ab
155 2704 223 2746 suis
246 2681 425 2746 creandum
445 2674 552 2746 curat.
576 2693 672 2785 porta
694 2681 822 2748 Collina
842 2681 958 2745 urbem
982 2681 1145 2748 intravere
1162 2681 1222 2747 sub
1243 2706 1277 2757 10

90 2769 190 2852 signis
213 2767 388 2854 mediaque
402 2767 486 2833 urbe
501 2790 630 2854 agmrne
645 2768 679 2832 in
693 2766 893 2833 Aventinum
910 2778 1063 2852 pergunt.
1086 2768 1133 2833 ibi
1149 2791 1225 2835 con·

90 2855 191 2919 iuncti
229 2852 322 2919 alteri
360 2855 519 2920 exercitui
554 2855 670 2938 viginti
707 2854 845 2920 tribunis
882 2853 1022 2918 militum
1058 2859 1225 2939 negotium

90 2941 263 3018 dederunt,
293 2949 331 3005 ut
364 2962 407 3005 ex
436 2958 495 3005 suo
528 2962 664 3005 numero
700 2941 781 3004 duos
808 2951 967 3024 crearent,
1000 2942 1056 3027 qui
1078 2965 1225 3007 summae

88 3049 199 3094 rerum
221 3036 420 3112 praeessent.
444 3026 489 3092 M.
513 3023 670 3113 Oppium,
694 3026 770 3093 Sex.
793 3025 962 3090 Manilium
986 3037 1105 3091 creant.

192 3111 307 3176 Patres
330 3111 460 3177 solliciti
484 3113 525 3178 de
548 3136 674 3177 summa
696 3134 816 3193 rerum,
841 3134 914 3176 cnm
940 3121 1072 3176 senatus
1105 3113 1225 3178 cotidie
1242 3134 1275 3182 11

89 3208 187 3282 esset,
209 3199 323 3282 iurgiis
346 3200 476 3285 saepius
498 3209 609 3263 terunt
638 3209 771 3283 tempus
804 3221 901 3286 quam
935 3197 1087 3262 consiliis.
1126 3198 1225 3263 Siccii
1243 3221 1276 3269 12

90 3286 212 3350 caedes
235 3284 429 3350 decemviris
461 3294 495 3349 et
516 3285 569 3370 Ap
596 3286 669 3348 iana
700 3284 802 3348 libido
835 3295 868 3349 et
900 3284 1063 3348 dedecora
1090 3283 1224 3350 militiae

90 3370 327 3438 obiciebantur.
350 3370 505 3457 placebat
526 3308 695 3436 Valerium
717 3371 956 3455 Horatiumque
987 3369 1036 3434 ire
1059 3371 1092 3434 in
1115 3370 1224 3435 Aven-

89 3460 202 3523 tinum.
240 3457 288 3520 illi
318 3457 483 3541 negabant
513 3478 550 3522 se
581 3457 677 3521 aliter
707 3458 820 3538 ituros,
853 3478 952 3542 quam
987 3456 1013 3518 si
1047 3456 1224 3521 decemviri

90 3545 293 3631 deponerent
321 3543 459 3627 insignia
492 3542 702 3626 magistratus
724 3544 804 3624 eius,
837 3563 901 3629 quo
936 3563 1020 3607 anno
1051 3542 1116 3606 iam
1148 3552 1224 3608 ante

90 3630 244 3696 abissent.
276 3629 453 3694 decemviri
476 3637 649 3715 querentes
673 3630 763 3694 sein
787 3629 933 3692 ordinem
956 3629 1037 3711 cogi,
1061 3650 1127 3693 non
1149 3638 1224 3693 ante
1244 3651 1276 3701 18

91 3739 188 3804 quam
210 3714 346 3802 perlatis
368 3714 506 3799 legibus,
540 3736 678 3802 quarum
702 3736 800 3779 causa
823 3715 925 3779 creati
948 3722 1068 3794 essent,
1094 3714 1223 3800 deposi-

91 3811 181 3868 turos
203 3802 375 3887 imperium
400 3824 434 3867 se
459 3801 598 3866 aiebant,

129 3901 347 3948 mutemur-n
1147 3900 1187 3946 qr,
