2738 4146
108 142 148 196 46
366 152 512 202 LIBERI.
532 151 607 201 OAP.
625 153 666 201 62.
681 155 722 201 63.
742 149 776 218 [a.
794 150 827 200 U.
846 166 869 202 c.
888 151 1034 214 aro-244]

124 323 321 390 aedessent.
355 323 410 409 qui
441 321 499 386 ubi
532 322 573 385 ad
606 321 746 385 edictum
782 320 917 384 Romani
949 322 1034 403 regis
1066 343 1107 384 cx
1127 321 1291 387 omnibus

161 408 289 494 populis
306 430 496 488 convenere,
519 429 559 470 ne
583 406 699 470 ducem
722 429 815 470 suum
838 429 922 470 neve
938 416 1100 470 secretum
1115 408 1290 492 imperium

160 497 336 580 propriave
352 495 443 578 signa
458 489 626 572 haberent,
644 494 772 556 miscuit
786 491 967 577 manipulos
984 515 1026 556 ex
1036 492 1160 580 Latinis
1170 493 1290 558 Roma·

160 583 283 665 nisque,
313 590 350 644 ut
373 601 415 643 ex
437 581 520 644 binis
550 577 692 661 singulos
719 579 841 642 faceret
874 578 1031 664 binosque
1066 601 1108 643 ex
1138 578 1288 663 singulis:

161 670 205 730 ita
228 667 397 751 geminatis
421 663 591 750 manipulis
616 666 820 729 centuriones
843 665 992 748 inposuit.

127 774 139 819 1
263 752 352 815 LIII.
376 752 454 833 Nec,
478 761 513 815 ut
534 752 670 815 iniustus
693 751 724 814 in
741 771 822 833 pace
837 772 907 829 rex,
930 751 974 813 ita
990 750 1056 813 dux
1072 748 1149 814 belli
1164 753 1289 836 pravus

160 838 233 920 fuit;
257 840 333 922 quin
357 860 395 901 ea
410 848 479 901 arte
493 859 530 899 ae
557 846 665 900 nasset
677 837 861 920 superiores
877 858 981 920 reges,
1005 837 1036 898 ni
1055 837 1290 920 degeneratum

124 945 139 992 2
161 927 191 987 in
208 923 277 987 aliis
294 923 369 987 huic
385 945 515 1009 quoque
531 859 642 987 decori
657 922 826 986 offecisset.
849 923 877 984 is
892 923 1014 1006 primus
1025 921 1153 986 Volscis
1166 921 1288 988 bellum

160 1012 191 1073 in
216 1010 372 1073 ducentos
396 1008 533 1094 amplius
556 1018 630 1093 post
653 1030 743 1071 suam
771 1017 908 1071 aetatem
937 1030 1037 1071 annos
1066 1009 1169 1071 movit
1190 1007 1289 1073 Sues·

125 1118 140 1166 3
161 1118 294 1182 samque
306 1095 485 1158 Pometiam
510 1116 550 1158 ex
574 1093 623 1157 his
645 1095 678 1158 vi
703 1094 798 1177 cepit.
821 1093 878 1157 ubi
894 1116 968 1157 cum
985 1093 1290 1179 divendita'praeda

161 1183 375 1265 quadraginta
398 1179 518 1244 talenta
540 1182 665 1262 argenti
693 1179 868 1259 refecisset,
902 1181 1051 1263 concepit
1078 1181 1185 1244 animo
1216 1202 1289 1245 eam

161 1266 406 1352 amplitudinem
415 1266 502 1330 Iovis
517 1264 727 1350 templi,quae
740 1264 836 1348 digna
848 1265 944 1329 deum
957 1264 1188 1351 hominumque
1198 1288 1289 1350 rege,

161 1376 245 1439 quae
257 1353 402 1416 Romano
417 1353 564 1436 imperio,
581 1373 665 1435 quae
681 1352 782 1434 ipsius
806 1353 901 1413 etiam
917 1349 979 1414 loci
998 1352 1167 1415 maiestate
1190 1361 1288 1417 esset.

162 1441 321 1524 captivam
345 1440 515 1524 pecuniam
538 1439 570 1500 in
587 1436 844 1500 aedificationem
862 1439 931 1500 eius
946 1437 1059 1522 templi
1083 1439 1238 1522 seposuit.

124 1551 139 1597 4
263 1523 403 1608 Excepit
427 1523 544 1586 deinde
573 1545 646 1586 eum
674 1522 790 1587 lentius
819 1545 877 1606 spe
906 1521 1034 1603 bellum,
1063 1545 1127 1609 quo
1153 1521 1288 1607 Gabios,

161 1613 377 1695 propinquam
404 1609 530 1691 urbem,
562 1610 759 1695 nequiquam
788 1610 820 1672 vi
847 1609 990 1688 adortus,
1020 1631 1093 1673 oum
1116 1608 1289 1674 obsidendi

162 1718 292 1782 quoque
302 1695 418 1760 urbem
431 1717 506 1780 spes
516 1693 609 1779 pulso
627 1693 824 1757 amoenibus
841 1694 994 1780 adempta
1009 1705 1105 1777 esset,
1121 1708 1288 1781 postremo

126 1785 292 1856 aminime
315 1791 384 1845 arte
408 1781 561 1854 Romana,
593 1780 708 1844 fraude
736 1802 775 1842 ac
803 1779 877 1844 dolo
910 1782 1084 1862 adgressus
1117 1791 1175 1844 est.
1213 1803 1289 1847 nam

99 1858 127 1915 ἶ
162 1890 235 1932 cum
258 1867 347 1932 velut
370 1869 473 1950 posito
497 1865 584 1929 bello
608 1866 824 1929 fundamentis
846 1865 959 1951 templi
981 1867 1135 1930 iaciendis
1151 1866 1290 1953 aliisque

162 1954 295 2017 urbanis
319 1952 472 2037 operibus
495 1953 653 2015 intentum
680 1974 715 2015 se
743 1973 815 2016 esse
839 1953 1013 2031 simularet,
1053 1952 1171 2017 Sextus
1202 1953 1290 2018 filius

163 2042 241 2119 eius,
277 2041 332 2125 qui
360 2039 509 2100 minimus
533 2037 699 2101 extribus
727 2049 804 2108 erat,
828 2038 1002 2122 transfugit
1034 2061 1076 2104 ex
1108 2042 1289 2126 composito

163 2125 297 2205 Gabios,
330 2125 431 2209 patris
465 2125 496 2186 in
528 2146 563 2187 se
594 2125 762 2187 saevitiam
797 2124 1035 2188 intolerabilem
1069 2147 1288 2210 conquerens:

127 2213 224 2274 airam
257 2209 298 2273 ab
331 2208 441 2273 alienis
473 2211 504 2272 in
537 2232 612 2273 suos
643 2210 780 2274 vertisse
814 2210 1010 2294 superbiam,
1044 2220 1076 2274 et
1107 2210 1285 2276 liberorum

163 2318 293 2382 quoque
317 2319 390 2359 eum
412 2295 615 2380 frequentiae
638 2295 779 2372 taedere,
808 2306 852 2373 ut,
882 2319 977 2380 quam
1007 2297 1039 2360 in
1063 2299 1152 2361 curia
1174 2296 1287 2363 solitu·

163 2385 269 2446 dinem
299 2382 421 2462 fecerit,
451 2381 536 2444 domi
569 2403 700 2467 quoque
726 2380 833 2458 faciat,
865 2404 906 2445 ne
940 2405 1034 2468 quam
1071 2385 1214 2467 stirpem,
1247 2407 1290 2449 ne

125 2487 140 2534 ‘1
163 2492 258 2554 quem
276 2468 430 2533 heredem
446 2469 538 2552 regni
548 2467 716 2552 relinquat.
742 2467 919 2553 sequidem
935 2469 1019 2530 inter
1033 2467 1098 2531 tela
1114 2479 1146 2533 et
1161 2469 1289 2553 gladios

186 2557 262 2618 atris
287 2553 432 2638 elapsum
464 2552 544 2617 nihil
573 2576 712 2640 usquam
735 2552 796 2617 sibi
828 2562 932 2617 tutum
964 2555 1025 2616 nisi
1057 2563 1143 2639 apud
1176 2555 1289 2621 hostes

161 2579 199 2703 ii.
216 2641 383 2725 Tarquinii
408 2639 595 2703 credidisse.
611 2662 686 2702 nam
706 2662 748 2703 ne
771 2649 924 2712 errarent,
939 2662 1068 2704 manere
1090 2643 1128 2705 iis
1152 2640 1288 2723 bellum,

163 2727 250 2811 quod
275 2728 415 2809 positum
439 2725 616 2804 simuletur,
651 2736 682 2789 et
712 2748 772 2810 per
806 2726 1009 2789 occasionem
1036 2748 1110 2790 eum
1140 2728 1288 2792 incautos

124 2814 358 2879 8invasurum.
398 2811 485 2896 quod
518 2812 544 2874 si
577 2810 665 2896 apud
699 2833 755 2873 eos
787 2809 989 2896 supplicibus
1019 2810 1110 2876 locus
1141 2834 1206 2876 non
1238 2816 1289 2897 sit,

162 2906 404 2983 pererraturum
422 2917 456 2958 se
474 2917 567 2960 omne
582 2896 722 2978 Latium,
736 2895 939 2983 Volscosque
956 2920 990 2960 se
1013 2898 1089 2962 inde
1112 2906 1144 2963 et
1154 2899 1289 2983 Aequos

162 2994 194 3047 et
208 2983 369 3047 Hernicos
385 2984 572 3067 petiturum.
597 2983 699 3045 donec
723 2983 762 3045 ad
781 3004 835 3046 eos
851 2985 1029 3067 perveniat,
1054 2987 1109 3070 qui
1125 2995 1290 3071 apstrum
1325 3021 1332 3030 -

126 3090 143 3138 9
163 3068 349 3133 crudelibus
373 3081 471 3152 atque
498 3069 593 3154 inpiis
622 3067 791 3153 suppliciis
814 3077 924 3152 tegere
947 3067 1067 3134 liberos
1091 3072 1201 3135 sciant.
1225 3071 1290 3136 for·

164 3158 244 3219 sitan
269 3157 363 3219 etiam
389 3154 513 3217 ardoris
538 3153 659 3238 aliquid
684 3154 725 3216 ad
748 3153 871 3218 bellum
895 3177 1048 3240 armaque
1072 3178 1106 3220 se
1131 3157 1290 3223 adversus

163 3242 430 3327 superbissimum
453 3263 562 3321 regem
586 3263 623 3303 ac
635 3239 869 3304 ferocissimum
892 3239 1049 3326 populum
1072 3245 1288 3308 inventurum.

81 3387 85 3393 .
112 3350 144 3398 10
163 3350 246 3407 oum,
271 3327 296 3390 si
319 3325 398 3389 nihil
420 3337 634 3406 morarentur,
666 3326 810 3390 infensus
839 3327 887 3388 ira
916 3348 1013 3411 porro
1041 3328 1116 3393 inde
1144 3329 1289 3394 abiturus

162 3414 337 3493 videretur,
371 3411 509 3495 benigne
537 3412 577 3475 ab
602 3411 738 3476 Gabinis
767 3413 937 3495 excipitur.
971 3422 1081 3478 vetant
1108 3416 1227 3495 mirari,
1252 3419 1289 3498 si,

164 3497 267 3585 qualis
290 3500 322 3560 in
345 3498 443 3578 cives,
469 3497 572 3581 qualis
594 3499 626 3560 in
648 3499 765 3577 socios,
788 3498 860 3562 talis
884 3499 925 3560 ad
949 3497 1096 3563 ultimum
1121 3502 1151 3564 in
1167 3501 1289 3567 liberos

112 3609 141 3657 11
164 3594 263 3665 esset;
286 3583 319 3646 in
343 3605 378 3647 se
400 3584 507 3669 ipsum
531 3595 694 3667 postremo
718 3585 927 3661 saeviturum,
952 3586 978 3648 si
1001 3584 1064 3648 alia
1087 3587 1201 3652 desint.
1228 3588 1290 3652 sibi

162 3693 240 3736 vero
264 3679 389 3753 gratum
413 3668 590 3733 adventum
614 3671 682 3732 eius
706 3692 786 3752 esse,
807 3670 1019 3755 futurumque
1036 3672 1169 3737 credere
1185 3672 1289 3757 brevi,

162 3767 198 3821 ut
219 3754 274 3819 illo
291 3755 465 3818 adiuvante
483 3757 619 3840 apertis
638 3754 773 3819 Gabinis
789 3754 850 3820 sub
865 3754 1012 3820 Romana
1028 3760 1155 3822 moenia
1166 3759 1290 3824 bellum

159 3842 383 3904 transferatur.
