2738 4146
323 161 432 210 urana
451 162 499 211 111.
519 161 594 212 cnr.
614 165 656 212 aa.
675 165 717 214 ar.
737 162 1037 231 [aucam-3051.
1208 153 1272 210 ala

89 344 122 400 et
145 357 220 400 curn
235 334 379 399 fascibus
395 357 527 400 secures
543 334 693 418 inligatas
709 335 953 420 praeferebant3
977 358 1038 400 nec
1052 337 1222 401 attinuisse

63 423 178 486 .demi
201 443 361 505 securem,
395 442 469 486 eum
500 423 569 485 sine
592 424 824 504 provocatione
848 423 948 485 creati
976 433 1094 504 essent,
1125 424 1222 487 inter·

90 507 314 593 pretabantur.
362 507 476 572 decem
516 529 630 590 regum
666 509 791 593 species
823 521 893 572 erat
925 506 1260 596 multiplicatusqueo

89 608 196 658 terror
218 616 283 658 non
298 592 416 657 infimis
432 592 547 668 solum,
571 593 630 656 sed
649 593 847 678 primoribus
866 603 996 678 patrum
1012 597 1090 659 ratis
1115 597 1224 662 caedis

89 698 223 745 causam
257 701 295 742 ao
325 681 520 766 principium
544 683 667 764 quaeri,
699 691 743 763 ut,
775 681 802 743 si
831 681 903 766 quis
925 679 1223 745 memorem‘liber-
1327 714 1330 721 ·

91 768 165 830 tatis
187 788 305 830 vocem
336 776 391 829 aut
422 767 455 829 in
486 778 601 829 senatu
624 774 681 831 aut
713 767 746 829 in
780 767 902 851 populo
930 768 1081 850 misisset,
1115 768 1224 831 statim

91 855 205 936 virgae
228 874 425 937 securesque
448 853 603 918 etiamad
627 862 810 916 ceterorum
832 862 956 916 metum
979 852 1223 937 expedirentur.
1311 892 1313 895 -

90 961 165 1003 nam
189 949 419 1023 praeterquam
443 937 531 1025 quod
547 938 579 1001 in
602 938 724 1024 populo
739 937 820 1002 nihil
836 950 906 1002 erat
921 939 1075 1023 praesidii
1097 937 1226 1003 sublata
1244 958 1260 1006 o

92 1025 333 1108 provocatione,
365 1025 630 1089 intercessionem
663 1047 792 1111 quoque
823 1046 982 1088 consensu
1015 1024 1222 1107 sustulerant,
1325 1082 1328 1088 .

89 1133 166 1174 oum
188 1111 313 1195 priores
336 1109 513 1175 decemviri
535 1110 753 1197 appellatione
776 1109 932 1194 conlegae
955 1112 1073 1194 corrigi
1095 1111 1225 1175 reddita

89 1197 132 1260 ab
157 1217 193 1277 se
221 1197 293 1260 iura
315 1195 474 1280 tulissent,
507 1205 540 1259 et
573 1197 744 1284 quaedam,
780 1218 863 1283 quae
896 1196 945 1261 sui
976 1197 1088 1260 iudicii
1118 1197 1225 1261 videri

92 1292 235 1366 possent,
259 1283 300 1344 ad
324 1281 482 1368 populum
505 1282 701 1348 reiecissent.
736 1281 937 1368 aliquamdiu
959 1305 999 1346 ae
1024 1292 1117 1346 uatus
1141 1284 1259 1350 interr

91 1391 205 1432 omnes
227 1369 432 1449 terror.fuit;
455 1367 611 1451 paulatim
634 1379 724 1433 totus
746 1379 875 1432 vertere
897 1369 931 1431 in
953 1305 1085 1454 plebem
1108 1370 1223 1453 coepit.

91 1454 319 1519 abstinebatur
341 1478 361 1519 a
383 1454 546 1540 patribus3
570 1457 601 1519 in
625 1454 813 1519 humiliores
836 1454 1010 1519 libidinose
1034 1454 1223 1520 crudeliter-

94 1563 159 1626 que
182 1540 424 1619 consulebatur.
462 1540 641 1621 hominurn,
675 1563 738 1604 non
771 1563 941 1604 causarum
972 1542 1031 1604 toti
1055 1552 1157 1624 erant,
1189 1551 1225 1605 ut

92 1626 181 1711 apud
199 1649 282 1713 quos
297 1629 401 1711 gratia
418 1629 482 1690 vim
498 1629 594 1711 aequi
610 1626 757 1691 haberet.
781 1627 901 1691 iudicia
917 1624 1006 1689 domi
1029 1625 1223 1700 conflabant,
1242 1647 1258 1695 ε

93 1712 347 1799 pronuntiabant
373 1715 405 1776 in
428 1713 510 1777 foro.
539 1715 661 1800 siquis
686 1712 854 1796 conlegam
879 1711 1085 1797 appellasset,
1109 1712 1150 1776 ab
1175 1735 1223 1792 eo,

91 1799 133 1862 ad
159 1821 258 1885 quem
280 1809 425 1875 venerat,
453 1801 499 1862 ita
522 1799 722 1878 discedebat,
755 1812 790 1862 ut
812 1800 996 1883 paeniteret
1017 1821 1083 1864 non
1104 1801 1224 1885 prioris

91 1885 223 1949 decreto
257 1886 395 1949 stetisse.
436 1886 545 1971 opinio
579 1888 674 1950 etiam
708 1885 777 1949 sine
800 1893 932 1949 auctore
956 1886 1082 1949 exierat
1103 1907 1167 1949 non
1190 1886 1224 1950 in

93 1972 273 2056 praesentis
290 1970 387 2035 modo
402 1973 560 2057 temporis
571 1994 626 2036 eos
636 1972 786 2036 iniuriam
803 1972 1015 2056 conspirasse,
1032 1971 1092 2036 sed
1106 1971 1224 2035 foedus
1243 1977 1259 2025 9

90 2056 328 2121 clandestinum
358 2058 443 2121 inter
473 2059 563 2141 ipsos
593 2058 665 2122 iure
696 2057 834 2123 iurando
865 2058 992 2138 ictum,
1013 2080 1055 2121 ne
1092 2059 1225 2122 comitia

92 2141 250 2207 haberent
281 2154 508 2230 perpetuoque
540 2143 763 2208 decemviratu
796 2165 985 2228 possessum
1017 2143 1119 2209 semel
1142 2144 1222 2209 obti-

91 2240 206 2293 nerent
227 2230 408 2312 imperium.
954 2236 956 2241 '

192 2313 370 2378 XXXVII.
388 2314 670 2400 Circumspectare
686 2324 754 2377 tum
771 2315 981 2398 patriciorum
989 2315 1098 2379 vultus
1114 2314 1225 2400 plebei
1244 2322 1258 2369 1
1277 2361 1280 2366 ·

92 2411 125 2465 et
146 2401 224 2464 inde
246 2400 407 2466 libertatis
440 2411 573 2486 captare
596 2423 719 2477 auram,
750 2400 837 2462 uude
861 2401 1051 2464 servitutem
1078 2400 1223 2464 timendo
1252 2457 1255 2463 .

90 2488 122 2550 in
145 2510 220 2552 eum
243 2497 363 2551 statum
384 2509 472 2568 rem⁴
502 2486 641 2550 ublicam
664 2486 878 2550 adduxerant.
911 2487 1070 2571 primores
1093 2495 1258 2571 patruma

87 2574 199 2638 odisse
215 2573 429 2654 decemviros,
447 2511 556 2638 odisse
572 2572 720 2658 plebem3
743 2593 804 2635 neo
819 2573 973 2657 probare,
997 2595 1082 2659 quae
1097 2571 1221 2654 fierent,

88 2670 122 2728 et
145 2659 282 2724 credere
304 2659 392 2723 haud
416 2660 555 2743 indignis
578 2659 743 2739 accidere3
775 2659 870 2722 avide
901 2659 1027 2722 ruendo
1060 2657 1102 2722 ad
1124 2657 1222 2722 liber·

89 2755 188 2809 tatem
212 2746 246 2808 in
268 2747 459 2810 servitutem
482 2745 611 2830 elapsos
639 2746 751 2808 iuvare
773 2743 879 2824 nolle3
902 2743 1069 2809 cumulare
1092 2754 1258 2830 quoquet

88 2832 233 2912 iniurias,
256 2840 294 2894 ut
308 2833 416 2896 taedio
439 2832 659 2918 praesentium
677 2830 825 2898 consules
843 2831 906 2894 duo
922 2830 1055 2895 tandem
1072 2840 1105 2895 et
1120 2840 1222 2894 status

89 2919 245 3002 pristinus
267 2922 377 2982 rerum
408 2919 442 2982 in
470 2918 666 2981 desiderium
689 2917 830 2980 veniant.
865 2918 931 2981 iam
965 2925 997 2980 et
1019 2927 1258 3001 processeratt

90 3026 167 3090 pars
191 3004 296 3068 maior
318 3005 402 3086 anni,
436 3013 470 3069 et
501 3005 585 3067 duae
618 3002 749 3066 tabulae
779 3001 889 3083 legum
921 3002 962 3066 ad
996 3004 1115 3087 prioris
1148 3004 1222 3066 anni

87 3092 206 3155 decem
228 3088 357 3154 tabulas
382 3098 474 3154 erant
496 3091 653 3169 adiectae,
675 3089 931 3175 necquicquam
953 3089 1016 3151 iam
1041 3099 1221 3173 supererat,

88 3178 116 3240 si
140 3198 200 3242 eae
224 3198 355 3262 quoque
377 3175 468 3260 leges
493 3176 680 3240 centuriatis
697 3175 836 3238 comitiis
859 3174 1005 3258 perlatae
1022 3183 1140 3252 essent,
1165 3195 1222 3237 cur

87 3285 126 3327 eo
150 3265 345 3347 magistratu
375 3264 424 3326 rei
447 3261 600 3349 publicae
628 3284 710 3346 opus
735 3270 830 3325 esset.
870 3258 1098 3346 expectabant,
1123 3272 1258 3344 quamo

88 3372 166 3414 mox
181 3347 369 3413 consulibus
386 3349 535 3412 creandis
552 3348 682 3412 comitia
698 3347 912 3411 edicerentur.
935 3346 970 3409 id
985 3346 1082 3411 modo
1106 3344 1221 3430 plebes

87 3434 248 3520 agitabat,
267 3456 408 3521 quonam
424 3435 521 3498 modo
538 3433 744 3496 tribuniciam
758 3441 966 3519 potestatem,
987 3433 1221 3496 munimentum

87 3521 240 3602 libertati,
272 3543 343 3586 rem
366 3522 595 3601 intermissam,
618 3530 818 3604 repararent,
852 3540 925 3582 euru
948 3519 1076 3586 interim
1100 3518 1221 3581 mentio

88 3609 294 3690 comitiorum
316 3605 406 3670 nulla
426 3607 508 3672 fieri.
547 3617 579 3670 et
602 3605 788 3685 decemviri,
822 3604 878 3690 qui
900 3605 1006 3690 primo
1031 3602 1257 3668 tribuniciose

90 3692 246 3776 homines,
270 3694 347 3779 quia
367 3693 403 3756 id
425 3691 586 3778 populare
608 3690 802 3772 habebatur,
835 3690 957 3755 circum
980 3712 1015 3753 se
1038 3698 1221 3754 ostentave-

90 3792 160 3846 rant
189 3779 319 3868 ple'bei,
349 3780 493 3864 patriciis
531 3776 703 3842 iuvenibus
741 3786 931 3861 saepserant
962 3774 1076 3840 latera.
1095 3797 1228 3838 eorum
1327 3840 1330 3844 ,

90 3878 241 3934 catervae
282 3864 456 3930 tribunalia
498 3864 709 3932 obsederant.
754 3863 794 3928 bi
832 3861 924 3927 ierre
966 3883 1073 3944 agere
1106 3857 1288 3940 pacem
