2738 4146
87 126 148 185 106
223 142 227 150 ·
356 135 467 186 LIBER
494 138 528 192 11.
548 136 623 187 ΟΔΡ.
642 139 684 188 64.
703 139 745 188 65.
765 134 798 204 [a.
817 136 851 186 U.
869 151 893 187 c.
911 135 981 205 ²⁸⁶l·

97 326 113 375 t
241 309 365 374 LXIV.
388 309 546 374 Extremo
570 331 653 374 anno
670 311 758 394 pacis
774 306 897 396 aliquid
912 307 981 392 fuit,
997 308 1066 393 sed,
1088 319 1127 375 ut
1141 332 1278 396 semper

138 395 229 480 alias,
253 394 412 460 sollicitae
434 398 524 480 pacis
548 398 722 460 certamine
745 405 875 480 patrum
899 404 931 458 et
946 395 1064 480 plebis.
1080 396 1166 459 irata
1180 396 1277 481 plebs

97 499 114 546 a
138 485 298 546 interesse
322 481 547 546 consularibus
572 483 709 547 comitiis
725 481 842 562 noluit3
866 503 926 563 per
942 490 1052 565 patres
1070 480 1274 568 clientesque

138 579 269 654 patrum
302 566 451 631 consules
486 569 585 631 creati
608 568 645 633 T.
670 567 843 648 Quinctius
866 565 906 644 Q.
931 565 1099 631 Servilius.
1133 568 1275 635 similem

138 676 259 718 annum
282 655 385 739 priori
410 653 559 716 consules
582 653 714 737 habent,
738 653 894 717 seditiosa
915 653 1017 736 initia,
1040 651 1128 718 bello
1154 654 1274 720 deindo

98 757 115 804 a
138 750 276 806 externo
300 738 483 824 tranquilla.
508 739 618 803 Sabini
637 738 861 804 Crustuminos
877 760 1011 823 campos
1027 740 1127 804 citato
1144 743 1275 823 agmine

138 826 334 909 transgressi
357 847 431 888 cum
455 825 573 889 caedes
597 836 629 890 et
652 825 802 889 incendia
826 826 947 888 circum
970 825 1130 890 Anienem
1152 825 1274 891 flumen

138 912 301 992 fecissent,
324 921 461 993 sporta
483 933 586 997 prope
610 910 737 977 Collina
758 911 993 994 moenibusque
1015 910 1103 994 pulsi
1125 912 1273 995 ingentes

97 1007 248 1062 stamen
271 997 411 1082 praedas
435 996 602 1061 hominum
625 1019 847 1082 pecorumque
870 1018 976 1078 egere.
1011 1017 1094 1082 quos
1117 996 1273 1063 Servilius

139 1082 254 1148 consul
276 1083 393 1147 infesto
418 1083 565 1146 exercitu
587 1085 750 1147 insecutus
781 1085 886 1168 ipsum
919 1081 1051 1166 quidem
1075 1103 1195 1165 agmen
1217 1084 1274 1147 ad·

138 1171 234 1254 ipisci
257 1170 369 1255 aequis
391 1167 470 1232 locis
493 1190 558 1232 non
575 1171 690 1253 potuit,
707 1169 949 1254 populationem
965 1167 1048 1231 adeo
1065 1168 1170 1233 effuse
1185 1169 1273 1245 fecit,

139 1266 176 1319 ut
198 1253 278 1317 nihil
293 1254 381 1319 bello
399 1256 553 1318 intactum
570 1254 770 1340 relinqueret
784 1252 1020 1338 multiplicique
1036 1263 1135 1339 capta
1149 1256 1274 1341 praeda

99 1342 272 1407 arediret.
306 1342 394 1405 etin
416 1339 545 1404 Volscis
568 1340 776 1426 respublica
807 1341 937 1423 egregie
967 1349 1060 1422 gesta
1081 1361 1157 1404 cum
1181 1341 1274 1405 ducis

140 1436 209 1491 tum
242 1425 380 1490 militum
414 1448 525 1510 opera.
565 1428 703 1512 primum
737 1448 842 1511 aequo
874 1447 989 1509 campo
1013 1426 1112 1509 signis
1136 1425 1274 1491 conlatis

99 1534 116 1582 a
165 1522 321 1596 agnatum
353 1513 476 1595 ingenti
509 1514 610 1576 caede
648 1513 821 1597 utrimque,
858 1510 998 1596 plurimo
1035 1513 1203 1594 sanguine.
1241 1523 1274 1576 et

139 1536 287 1676 ltomani,
313 1599 390 1684 quia
404 1598 550 1682 paucitas
567 1599 684 1662 damno
701 1597 869 1662 sentiendo
887 1599 1022 1683 propior
1037 1608 1119 1680 erat,
1134 1599 1272 1682 gradum

139 1684 351 1766 rettulissent,
383 1687 416 1747 ni
451 1683 573 1748 salubri
605 1685 774 1748 mendacio
806 1682 919 1747 consul
950 1683 1065 1765 fugere
1094 1682 1207 1749 hostes
1229 1684 1274 1748 ab

140 1791 242 1834 cornu
265 1770 368 1834 altero
392 1769 559 1834 clamitans
583 1771 780 1835 concitasset
802 1772 915 1833 aciem.
938 1771 1062 1852 impetu
1077 1768 1178 1852 facto,
1195 1770 1272 1834 dum

99 1873 114 1920 t
139 1878 176 1919 se
199 1865 314 1940 putant
336 1858 477 1935 vincere,
500 1858 619 1929 vicere.
644 1854 757 1920 consul
771 1865 929 1936 metuens,
952 1877 998 1919 ne
1009 1855 1105 1919 nimis
1119 1856 1273 1921 instando

98 1952 314 2009 srenovaret
351 1952 525 2023 certamen,
564 1943 691 2025 signum
729 1941 875 2026 receptui
915 1941 1015 2004 dedit.
1054 1941 1273 2007 intercessere

140 2029 236 2112 pauci
271 2028 349 2109 dies,
382 2027 472 2092 velut
502 2029 609 2091 tacitis
641 2028 773 2091 indutiis
804 2028 968 2112 utrimque
996 2027 1107 2114 quiete
1131 2038 1273 2113 sumpta,

139 2135 201 2198 per
246 2135 306 2177 uos
330 2114 442 2196 ingens
465 2114 514 2176 vis
529 2114 695 2178 hominum
712 2136 755 2178 ex
770 2113 920 2177 omnibus
937 2112 1062 2177 Volscis
1078 2113 1272 2201 Aequisque

138 2135 269 2283 populis
292 2200 323 2260 in
342 2209 448 2263 castra
463 2200 563 2280 venit,
588 2199 675 2262 haud
692 2199 854 2280 dubitans,
879 2201 905 2263 si
921 2200 1090 2280 senserint,
1106 2198 1273 2265 Romanos

97 2294 235 2353 enocte
259 2284 413 2349 abituros.
451 2286 561 2371 itaque
594 2287 690 2350 tertia
722 2286 791 2350 fere
817 2285 928 2370 vigilia
951 2285 992 2349 ad
1016 2295 1123 2349 castra
1145 2307 1271 2371 oppug-

88 2395 121 2442 10
139 2370 248 2434 nanda
263 2373 406 2436 veniunt.
424 2369 593 2449 Quinctius
610 2371 723 2436 sedato
741 2369 890 2454 tumultu,
908 2393 1003 2458 quem
1021 2380 1128 2435 terror
1144 2371 1271 2436 subitus

139 2459 314 2538 exciverat,
340 2479 413 2522 oum
437 2481 568 2522 manere
588 2460 620 2522 in
636 2459 782 2523 tentoriis
799 2459 943 2542 quietum
959 2457 1096 2521 militem
1112 2458 1270 2540 iussisset,

138 2542 354 2608 Hernicorum
379 2543 547 2609 cohortem
570 2546 602 2608 in
626 2546 796 2609 stationem
821 2544 938 2625 educit,
972 2543 1154 2608 cornicines
1186 2543 1271 2608 tubi-

140 2629 292 2715 cinesque
316 2637 349 2691 in
373 2653 473 2715 equos
496 2632 654 2714 inpositos
679 2653 794 2694 canere
826 2640 901 2694 ante
924 2628 1046 2693 vallum
1068 2628 1161 2694 iubet
1184 2629 1270 2694 solli·

88 2740 118 2787 11
139 2715 305 2800 citumque
339 2716 463 2779 hostem
496 2717 537 2780 ad
569 2716 675 2780 lucem
707 2727 829 2780 tenere.
868 2715 1029 2802 reliquum
1056 2716 1164 2779 noetis
1187 2716 1272 2779 adeo

138 2799 313 2886 tranquilla
336 2803 443 2865 omnia
465 2803 496 2864 in
521 2804 636 2866 castris
657 2802 760 2883 fuere,
783 2813 818 2866 ut
841 2804 944 2866 somni
968 2822 1099 2888 quoque
1114 2801 1271 2866 Romanis

138 2888 234 2972 copia
257 2896 351 2950 esset.
386 2887 523 2951 Volscos
556 2889 683 2972 species
715 2898 912 2953 armatorum
941 2888 1099 2973 peditum,
1133 2909 1216 2972 quos
1238 2896 1272 2951 et

137 2971 247 3057 plures
287 2994 357 3037 esse
396 2982 428 3036 et
464 2974 629 3038 Romanos
667 2975 837 3059 putabant,
874 2975 1023 3038 fremitus
1060 2972 1271 3058 hinnitusque

138 3080 307 3145 equorum,
342 3060 398 3143 qui
429 3070 462 3123 et
492 3062 617 3124 insueto
650 3062 784 3126 sedente
816 3062 925 3146 equite
958 3070 991 3125 et
1016 3061 1152 3145 insuper
1175 3081 1272 3123 aures

137 3147 281 3228 agitante
319 3147 426 3210 sonitu
463 3146 663 3230 saeviebant,
704 3148 846 3210 intentos
890 3145 981 3211 velut
1024 3145 1067 3209 ad
1110 3147 1269 3231 impetum

136 3230 278 3294 hostium
303 3233 416 3296 tenuit.

96 3345 110 3392 1
162 3381 165 3387 ,
241 3318 344 3381 LXV.
370 3317 435 3381 Ubi
457 3315 584 3397 inluxit,
607 3318 771 3382 Romanus
793 3319 921 3402 integer
941 3318 1140 3403 satiatusque
1156 3336 1269 3381 somno

137 3403 317 3488 productus
341 3405 372 3466 in
396 3405 498 3468 aciem
521 3403 642 3468 fessum
665 3405 780 3468 stando
805 3413 837 3469 et
856 3404 975 3481 vigiliis
991 3402 1148 3468 Volscum
1164 3404 1269 3489 primo

95 3519 112 3566 2
137 3489 264 3573 impetu
286 3489 439 3574 perculit;
465 3491 664 3575 quamquam
682 3513 811 3554 cessere
824 3492 928 3573 magis
945 3511 1040 3576 quam
1058 3486 1144 3573 pulsi
1158 3489 1269 3552 hostes

137 3587 225 3658 sunt,¹
247 3577 323 3661 quia
346 3575 386 3639 ab
407 3586 500 3660 tergo
517 3587 608 3652 erant
625 3576 707 3659 olivi,
724 3576 756 3639 in
774 3598 855 3662 quos
870 3586 944 3661 post
959 3575 1119 3661 principia
1134 3575 1283 3658 integris-

136 3661 306 3725 ordinibus
329 3671 418 3726 tutus
440 3670 591 3746 receptus
613 3661 682 3725 fuit.
708 3661 831 3743 consul,
854 3663 910 3726 ubi
935 3662 977 3725 ad
999 3662 1145 3746 iniquum
1161 3659 1269 3725 locum

136 3755 271 3812 ventum
305 3757 362 3830 est,
395 3748 479 3811 sistit
510 3749 623 3811 aciem.
660 3746 753 3812 miles
786 3770 884 3832 aegre
914 3749 1028 3829 teneri,
1063 3746 1205 3811 clamare
1236 3752 1269 3809 et

89 3865 111 3912 3
130 3854 285 3917 poscere,
310 3843 346 3897 ut
366 3833 526 3919 perculsis
550 3834 671 3898 instare
698 3833 805 3898 liceat.
838 3835 981 3898 ferocius
1004 3841 1104 3919 agunt
1126 3833 1267 3919 equites3
