2738 4146
323 117 433 168 LIBER
449 116 522 167 XXI.
542 117 618 168 ΟΑΡ.
636 119 678 168 26.
697 120 739 168 27.
759 116 795 186 [a.
815 118 847 168 U.
866 135 888 168 o.
908 117 981 187 536}
1190 107 1251 163 127

62 291 211 358 delectos
234 290 359 376 equites
383 289 519 354 ducibus
542 288 799 355 Massiliensibus
823 300 856 355 et
869 290 1079 355 auxiliaribus
1097 289 1200 356 Gallis

62 379 148 443 ade
198 375 336 442 loranda
358 379 466 441 omnia
487 376 704 462 visendosque
728 398 770 440 ex
791 385 859 440 tuto
883 376 993 442 hostes
1039 380 1199 441 raemittit.

62 465 175 530 Hanni
200 461 232 528 al
254 464 370 527 ceteris
399 471 489 526 metu
516 470 571 526 aut
595 464 700 548 pretio
726 465 849 549 pacatis
875 465 941 526 iarn
967 465 999 527 in
1055 462 1238 528 olcarume

60 557 261 640 pervenerat
282 569 406 630 agrum,
429 549 533 630 gentis
556 548 693 612 validae.
718 547 828 613 colunt
850 558 957 612 autem
978 552 1066 613 circa
1080 559 1198 614 utram-

60 659 128 725 que
150 639 255 724 ripam
281 633 444 714 Rhodani3
468 633 526 698 sed
550 633 647 698 diffisi
670 637 818 699 citeriore
834 656 912 717 agro
934 637 1038 699 arceri
1053 636 1198 700 Poenum

61 744 173 812 posse,
200 730 238 786 ut
263 719 384 785 flumen
409 741 469 808 pro
496 722 695 784 munimento
723 719 890 799 haberent,
920 721 1069 786 omnibus
1097 720 1200 787 ferme

10 829 12 835 ’
60 812 130 875 suis
152 817 243 872 trans
266 806 461 871 Rhodanum
483 808 624 871 traiectis
647 805 831 870 ulteriorem
856 809 959 893 ripam
983 810 1085 872 amnis
1102 811 1199 873 armis
1221 826 1236 874 ‘1

59 893 263 962 obtinebant.
302 901 428 957 ceteros
466 890 593 956 accolas
631 891 770 958 fluminis
808 891 973 956 Hannibal
1018 902 1050 957 et
1087 915 1200 958 eorum

61 985 220 1070 ipsorum,
245 1000 326 1064 quos
349 977 444 1042 sedes
467 999 546 1042 suae
567 987 745 1057 tenuerant,
774 977 869 1042 simul
891 978 1019 1065 perlicit
1041 979 1133 1044 donis
1157 980 1200 1043 ad

61 1089 166 1132 naves
195 1065 341 1150 undique
373 1062 610 1128 contrahendas
644 1063 924 1150 fabricandasque,
957 1064 1051 1129 simul
1080 1075 1113 1129 et
1138 1068 1200 1152 ipsi

60 1154 157 1218 traici
190 1153 373 1214 exercitum
403 1147 571 1234 levarique
607 1171 704 1234 quam
735 1152 875 1236 primum
908 1154 1075 1234 regionem
1108 1174 1200 1216 suam

61 1249 154 1302 tanta
175 1237 342 1302 hominum
363 1245 498 1317 urgente
521 1235 617 1300 turba
632 1235 812 1321 cupiebant.
837 1238 944 1321 itaque
959 1240 1072 1319 ingens
1088 1247 1200 1302 coacta
1220 1255 1236 1304 8

61 1328 113 1390 vis
136 1326 269 1388 navium
291 1330 341 1386 est
360 1319 568 1407 lintriumque
590 1331 713 1384 temere
736 1321 778 1385 ad
800 1322 971 1386 vicinalem
994 1346 1087 1387 usum
1104 1346 1197 1409 para·

59 1421 186 1491 tarum3
223 1429 325 1472 novas
348 1429 390 1470 ue
422 1405 500 1470 alias
550 1409 666 1471 rirnum
700 1405 787 1471 Galli
818 1407 1007 1473 incohantes
1039 1408 1200 1475 cavabant

58 1519 108 1561 ex
139 1494 273 1578 singulis
304 1515 340 1557 ar
366 1491 485 1574 oribus,
525 1431 642 1557 deinde
674 1501 707 1556 et
736 1495 798 1580 ipsi
828 1492 947 1558 milites
977 1493 1072 1559 simul
1105 1517 1144 1560 co
1168 1498 1233 1560 ia9

62 1583 219 1647 materiae
242 1578 337 1644 simul
358 1577 509 1644 facilitate
532 1581 638 1666 operis
660 1578 783 1644 inducti
802 1577 912 1644 alveos
927 1579 1090 1664 informes,
1106 1520 1197 1664 nillil,

60 1666 242 1734 dummodo
265 1667 378 1730 innare
404 1685 508 1750 aquae
539 1674 572 1729 et
598 1686 716 1751 capere
743 1687 842 1730 onera
867 1675 1010 1753 possent,
1037 1676 1197 1741 curantes,

60 1757 191 1842 raptim,
237 1750 332 1816 uibus
355 1772 390 1816 se
412 1772 535 1836 suaque
558 1749 812 1830 transveherent,
835 1749 1007 1816 faciebant.

148 1775 295 1903 XXl'II.
311 1836 447 1922 Iamque
462 1835 610 1901 omnibus
625 1838 702 1901 satis
718 1837 910 1923 comparatis
929 1837 970 1901 ad
984 1837 1199 1903 traiciendum
1219 1847 1232 1894 1

60 1925 232 1990 terrebant
247 1946 290 1988 ex
303 1923 442 1987 adverso
456 1922 566 1987 hostes
586 1944 715 1987 omnem
730 1927 836 2009 ripam
851 1924 976 2009 equites
991 1924 1116 2008 virique
1141 1924 1197 1990 ob-

62 2013 212 2076 tinentes.
246 2031 327 2096 quos
350 2017 386 2073 ut
411 2017 581 2088 averteret,
617 2008 821 2088 Hannonem,
857 2008 1049 2074 Bomilcaris
1085 2008 1232 2093 filium,2

60 2097 174 2182 vigilia
194 2095 300 2184 prima
321 2095 424 2161 noctis
448 2116 521 2159 cum
542 2104 635 2180 parte
658 2116 695 2159 co
720 2096 833 2176 iarum,
866 2103 1008 2160 maxime
1031 2096 1196 2187 Hispanis,

58 2184 203 2248 adverso
234 2180 366 2247 flumine
397 2181 445 2242 ire
476 2181 537 2244 iter
569 2181 663 2245 unius
692 2119 755 2244 <liei
782 2180 873 2245 iubet
899 2191 939 2258 et,
972 2182 1029 2246 ubi
1055 2185 1196 2269 primum

60 2272 175 2357 possit,
198 2290 297 2355 quam
312 2265 528 2333 occultissime
550 2267 684 2330 traiecto
707 2266 793 2330 amni
809 2267 1052 2332 circumducere
1068 2291 1195 2351 agmen,
1216 2279 1232 2327 3

59 2365 106 2440 ut,
131 2378 205 2420 cum
228 2377 247 2420 o
271 2377 310 2419 us
331 2351 418 2418 facto
441 2352 490 2436 sit,
514 2352 678 2416 adoriatur
693 2352 735 2416 ab
755 2361 847 2436 tergo
863 2353 983 2418 hostes.
1007 2354 1048 2416 ad
1072 2353 1105 2416 id
1130 2354 1195 2418 dati
1215 2367 1233 2413 4

59 2443 164 2506 duces
198 2439 229 2505 G
277 2440 283 2454 '
317 2439 457 2505 edocent
486 2437 564 2501 inde
593 2437 682 2502 milia
713 2437 855 2523 quinque
889 2448 920 2502 et
949 2439 1061 2522 viginti
1092 2440 1195 2504 ferme

57 2551 99 2594 su
123 2550 162 2591 ra
183 2547 307 2614 parvae
329 2523 453 2589 msulae
476 2524 707 2588 circumfusum
729 2546 857 2587 amnem
879 2523 1002 2606 latiore,
1032 2523 1089 2589 ubi
1114 2525 1193 2588 divi-

57 2551 211 2695 debatur,
242 2632 347 2697 eoque
378 2611 483 2675 minus
515 2609 578 2674 alto
609 2609 703 2675 alveo
735 2611 904 2674 transitum
932 2611 1114 2674 ostendere.
1148 2611 1228 2674 ibit

57 2701 180 2787 raptim
211 2719 307 2763 caesa
336 2697 472 2761 materia
502 2704 654 2781 ratesque
684 2694 870 2776 fabricatae,
901 2696 935 2757 in
968 2695 1086 2781 quibus
1119 2699 1195 2782 equi

59 2786 189 2871 virique
212 2793 246 2849 et
265 2782 331 2848 alia
352 2803 453 2848 onera
473 2782 695 2846 traicerentur.
719 2781 857 2868 Hispani
874 2782 943 2845 sine
964 2781 1032 2847 ulla
1053 2781 1140 2848 mole
1161 2785 1194 2848 in

57 2881 149 2938 utres
180 2868 381 2936 vestimentis
413 2868 577 2949 coniectis,
615 2867 677 2954 ipsi
708 2869 824 2932 caetris
857 2870 1068 2954 superpositis
1104 2870 1192 2935 incu-
1202 2900 1253 2951 s>

57 2957 185 3042 bantqs,
212 2955 334 3022 flumen
359 2964 539 3019 tranavere.
572 2961 605 3017 et
631 2951 712 3017 alius
740 2955 900 3018 exercitus
928 2954 1052 3019 ratibus
1077 2950 1228 3021 iunctis'd

57 3045 224 3126 traiectus,
246 3041 360 3107 castris
381 3061 485 3128 prope
507 3037 629 3103 flumen
642 3040 766 3125 positis,
789 3049 946 3105 nocturno
963 3041 1078 3104 itinere
1095 3051 1191 3124 atque

56 3153 77 3196 o
102 3130 168 3194 eris
190 3127 304 3193 labore
326 3125 431 3191 fessus
455 3125 563 3211 quiete
585 3125 679 3189 unius
703 3125 768 3188 diei
789 3125 943 3207 reficitur,
967 3128 1087 3190 intento
1110 3127 1192 3190 duce

57 3153 296 3282 adconsilium
328 3235 370 3300 op
395 3221 509 3278 ortune
541 3211 797 3295 exsequendum.
824 3221 956 3298 postero
980 3212 1032 3275 die
1055 3211 1228 3298 profecti?

55 3323 100 3367 ex
137 3301 213 3368 loeo
252 3300 337 3365 edito
370 3236 459 3364 limo
491 3297 674 3380 significant
705 3300 858 3361 transisse
891 3307 923 3361 et
955 3296 1043 3361 haud
1077 3297 1192 3383 procul

59 3386 187 3453 abesse.
212 3385 301 3473 quod
323 3383 381 3450 ubi
403 3383 528 3469 accepit
548 3380 726 3465 Hannibal,
749 3405 790 3446 ne
812 3384 951 3470 tempori
975 3383 1113 3465 deesset,
1138 3383 1193 3447 dat

56 3476 185 3559 signum
221 3472 264 3536 ad
299 3469 524 3536 traiciendum.
560 3469 625 3533 iam
658 3478 788 3554 paratas
823 3479 1013 3556 aptatasque
1049 3467 1228 3533 habebat8

56 3560 160 3647 pedes
181 3558 306 3638 lintres,
329 3578 430 3644 eques
445 3554 514 3619 fere
530 3563 665 3640 propter
680 3576 781 3640 equos
803 3577 911 3618 naves.
928 3555 1061 3619 navium
1076 3577 1193 3639 agmen

57 3644 99 3711 ed
129 3644 361 3732 excipiendum
392 3641 522 3706 adversi
554 3641 710 3726 impetum
740 3638 881 3705 fluminis
909 3649 1002 3727 parte
1025 3642 1192 3727 superiore

55 3733 277 3798 transmittens
300 3725 564 3814 tranquillitatem
585 3725 669 3788 infra
690 3727 913 3791 traicientibus
936 3726 1084 3790 lintribus
1100 3750 1193 3813 prae·

56 3815 165 3885 bebat.
190 3838 350 3903 equorum
371 3835 448 3900 pars
470 3833 589 3895 magna
611 3821 724 3877 nantes
748 3811 824 3877 loris
860 3835 879 3876 a
900 3810 1064 3899 puppibus
1087 3813 1232 3878 trahe-a
