2738 4146
87 123 147 181 188
347 136 456 184 nissnn
474 137 559 186 xxn.
579 136 653 186 one.
672 139 713 187 aa.
733 141 774 188 39.
795 137 827 204 [a.
845 137 878 188 u.
897 153 919 187 ο.
938 136 1008 203 casp

136 327 322 369 recessuros
344 308 406 369 nisi
428 307 484 370 teli
507 308 656 372 sumendi
680 318 736 372 aut
751 309 920 393 repetendi
936 317 993 372 aut
1009 307 1113 373 hostis
1128 307 1266 371 feriendi

94 406 110 454 a
137 400 193 454 aut
228 393 307 455 civis
344 394 496 455 servandi
534 416 641 458 causa.
686 395 720 456 id
759 416 802 458 ex
837 395 1020 459 voluntario
1059 395 1145 457 inter
1182 395 1270 478 ipsos

137 477 269 541 foedere
291 478 334 541 ad
357 478 504 542 tribunos
528 502 566 543 ac
588 480 765 563 legitimam
798 481 876 545 iuris
906 480 1035 543 iurandi
1063 479 1269 544 adactionem

137 562 351 627 translatum·

96 664 112 712 a
240 647 426 731 Contiones,
450 651 640 736 priusquam
665 651 706 714 ab
729 652 812 716 urbe
835 651 928 734 signa
949 660 1171 732 moverentur,
1196 672 1270 715 con·

138 733 215 798 sulis
238 734 395 800 Varronis
418 735 540 800 multae
563 758 601 800 ac
624 735 750 801 feroces
772 737 864 800 fuere
893 738 1113 801 denuntiantis
1146 735 1269 801 bellum

137 822 327 886 arcessitum
342 823 375 885 in
391 821 519 885 ltaliam
535 822 576 885 ab
592 823 755 886 nobilibus
771 843 1024 908 mansurumque
1040 825 1073 885 in
1087 822 1270 887 visceribus

97 923 111 970 7
136 907 184 970 rei
207 907 367 992 publicae,
392 909 419 970 si
441 910 552 992 plures
575 909 697 973 Fabios
720 911 935 994 imperatores
957 907 1107 990 haberet,
1132 932 1178 990 se,
1205 931 1269 994 quo

96 1010 112 1058 8
138 993 190 1057 die
214 994 340 1058 hostem
363 995 508 1074 vidisset,
533 995 764 1079 perfecturum.
797 994 952 1079 conlegae
984 997 1053 1059 eius
1076 994 1172 1059 Pauli
1196 1017 1269 1076 una,

136 1078 242 1161 pridie
265 1101 362 1165 quam
384 1080 467 1144 urbe
490 1080 761 1165 proficisceretur,
794 1081 902 1145 contio
926 1080 996 1162 fuit,
1027 1081 1140 1144 verior
1171 1102 1270 1164 quam

136 1166 260 1248 gratior
283 1163 414 1252 populo,
447 1189 512 1253 qua
546 1167 626 1230 nihil
649 1166 861 1232 inclementer
882 1168 916 1230 in
938 1167 1121 1230 Varronem
1146 1166 1270 1230 dictum

96 1257 112 1305 9
136 1252 198 1314 nisi
220 1251 254 1314 id
277 1253 385 1331 modo,
411 1254 519 1316 mirari
544 1276 588 1333 se,
614 1254 669 1338 qui
692 1253 770 1335 dux,
803 1254 993 1339 priusquam
1017 1263 1074 1316 aut
1096 1275 1190 1315 suum
1214 1261 1271 1316 aut

137 1337 276 1401 bostium
301 1339 491 1420 exercitum,
515 1338 658 1402 locorum
683 1340 789 1421 situm,
812 1348 961 1403 naturam
982 1339 1124 1422 regionis
1147 1350 1269 1419 nosset,

136 1425 200 1486 iam
222 1445 308 1487 nunc
330 1433 461 1507 togatus
484 1426 517 1487 in
540 1425 623 1489 urbe
647 1427 752 1506 sciret,
786 1447 869 1509 quae
902 1424 963 1488 sibi
992 1424 1120 1508 agenda
1143 1434 1269 1489 armato

95 1509 252 1592 10forent,
276 1518 310 1573 et
332 1510 418 1574 diem
443 1532 573 1597 quoque
595 1511 787 1595 praedicere
815 1521 937 1596 posset,
970 1533 1035 1596 qua
1067 1532 1143 1574 cum
1175 1509 1270 1575 hoste

94 1596 236 1678 lisignis
260 1595 396 1659 conlatis
421 1607 508 1660 esset
542 1599 763 1661 dimicaturus.
802 1621 847 1679 se,
880 1618 965 1683 quae
997 1595 1132 1660 consilia
1164 1598 1270 1681 magis

137 1703 189 1744 res
213 1681 293 1745 dent
315 1683 498 1745 bominibus
522 1706 620 1768 quam
643 1684 790 1747 homines
818 1682 926 1764 rebuS,
958 1704 998 1746 ea
1031 1693 1106 1746 ante
1137 1692 1270 1767 tempus

136 1769 308 1831 immatura
338 1789 403 1831 non
434 1779 697 1854 praecepturum.
743 1779 865 1853 optare,
902 1780 948 1850 ut,
987 1791 1071 1854 quac
1102 1777 1199 1832 caute
1233 1790 1273 1833 ac

94 1864 126 1912 12
137 1852 282 1918 consulte
305 1865 397 1937 gesta
420 1865 538 1935 essent,
564 1857 641 1919 satis
664 1877 821 1940 prospere
837 1856 1019 1936 evenirent3
1041 1855 1271 1939 temeritatem,

136 1951 366 2024 praeterquam
391 1941 477 2025 quod
502 1941 601 2005 stulta
625 1943 675 2024 sit,
697 1941 857 2005 infelicem
883 1943 979 2004 etiam
1003 1941 1046 2003 ad
1067 1941 1101 2004 id
1122 1939 1271 2005 locorum

94 2037 126 2085 1³
136 2025 246 2088 fuisse.
285 2034 317 2089 et
350 2048 410 2090 sua
440 2037 555 2110 sponte
588 2026 779 2111 apparebat,
817 2038 888 2090 tuta
925 2026 1086 2090 celeribus
1124 2025 1272 2091 consiliis

136 2111 415 2195 praepositurum;
433 2124 474 2192 et,
491 2134 553 2196 quo
569 2113 604 2175 id
621 2115 818 2177 constantius
834 2122 1072 2199 perseveraret,
1090 2110 1130 2192 Q.
1142 2112 1270 2177 Fabius

136 2196 301 2258 Maximus
325 2198 372 2260 sic
395 2219 469 2262 eum
492 2198 754 2281 proficiscentem
777 2199 935 2263 allocutus
958 2199 1076 2263 fertur:

97 2297 110 2344 1
238 2281 400 2346 XXXIX.
441 2282 494 2366 ,Si
532 2294 588 2348 aut
625 2284 805 2369 conlegam,
842 2285 876 2348 id
915 2284 1002 2369 quod
1039 2283 1183 2369 mallem,
1221 2287 1272 2348 tui

135 2367 283 2450 similem,
321 2370 361 2432 L.
394 2368 523 2450 Aemili,
562 2370 701 2435 haberes
739 2381 795 2435 aut
831 2381 866 2434 tu
904 2369 1060 2454 conlegae
1097 2371 1145 2433 tui
1179 2392 1272 2436 esses

94 2469 110 2517 a
136 2454 258 2536 similis,
283 2477 526 2540 supervacanea
549 2468 636 2521 esset
663 2458 765 2521 oratio
798 2478 884 2520 mea:
916 2479 991 2520 nam
1027 2466 1060 2520 et
1093 2456 1157 2520 duo
1191 2455 1272 2521 boni

136 2540 283 2605 consules
315 2543 412 2605 etiam
445 2565 497 2607 me
528 2543 690 2607 indicente
723 2545 829 2606 omnia
861 2548 883 2606 e'
901 2565 937 2606 re
972 2540 1104 2624 publica
1135 2541 1272 2626 fideque

135 2636 245 2691 vestra
265 2627 417 2692 faceretis
441 2638 473 2692 et
495 2627 571 2692 mali
595 2651 655 2692 nec
677 2651 751 2692 mea
772 2629 875 2693 verba
906 2627 1041 2691 auribus
1064 2628 1183 2691 vestris
1205 2650 1271 2692 nec

94 2712 268 2776 sconsilia
290 2714 405 2777 animis
428 2715 629 2799 acciperetis.
668 2736 754 2777 nunc
789 2725 821 2779 et
852 2714 1020 2796 conlegam
1054 2722 1146 2777 tuum
1181 2721 1214 2778 et
1238 2723 1272 2777 te

134 2797 232 2861 talem
253 2799 359 2861 virum
384 2801 521 2863 intuenti
550 2799 629 2862 mibi
660 2811 768 2864 tecum
802 2802 906 2864 omnis
939 2801 1041 2863 oratio
1077 2809 1136 2875 est,
1170 2822 1271 2884 quem

134 2883 231 2947 video
254 2887 452 2970 nequiquam
476 2897 508 2950 et
530 2887 636 2949 virum
660 2886 779 2950 bonum
804 2896 836 2949 et
860 2888 966 2949 civem
988 2885 1068 2966 fore,
1101 2886 1138 2966 si,
1164 2886 1272 2949 altera

135 2978 225 3053 parte
248 2969 420 3035 claudente
441 2994 478 3035 re
505 2971 647 3056 publica,
680 2971 772 3035 malis
807 2971 948 3035 consiliis
980 2972 1066 3035 idem
1100 2992 1140 3035 ac
1174 2971 1270 3035 bonis

91 3074 109 3122 4
133 3057 211 3120 iuris
235 3066 268 3119 et
288 3058 458 3141 potestatis
482 3059 551 3121 erit.
585 3080 673 3121 erras
698 3060 792 3138 enim,
825 3058 863 3120 L.
889 3056 999 3130 Paule,
1023 3059 1048 3120 si
1072 3056 1131 3119 tibi
1160 3058 1270 3121 minus

135 3143 317 3207 certaminis
341 3165 414 3206 cum
438 3143 473 3208 O.
497 3144 650 3207 Terentio
686 3166 781 3229 quam
816 3166 888 3207 cum
915 3141 1097 3206 Hannibale
1121 3142 1267 3207 futurum

136 3250 261 3292 censes:
285 3230 394 3292 nescio
419 3250 459 3291 an
481 3231 627 3293 infestior
649 3229 703 3292 hic
726 3230 932 3292 adversarius
957 3250 1054 3315 quam
1086 3227 1142 3292 ille
1165 3228 1269 3293 hostis

93 3325 264 3381 omaneat
285 3325 328 3396 te,
351 3337 424 3378 cum
448 3326 484 3378 tu
507 3338 579 3378 oum
603 3315 658 3379 illo
682 3317 714 3378 in
737 3317 808 3379 acie
830 3326 965 3395 tantum,
999 3337 1071 3378 cum
1103 3314 1168 3379 boc
1201 3337 1268 3378 om·

133 3399 227 3463 nibus
251 3400 331 3464 locis
355 3424 394 3464 ac
416 3403 618 3486 temporibus
642 3403 684 3464 sis
709 3412 901 3481 certaturus,
935 3412 968 3466 et
995 3401 1154 3465 adversus
1180 3400 1268 3464 Han-

132 3485 274 3550 nibalem
296 3486 509 3573 legionesque
533 3488 601 3551 eius
623 3488 687 3550 tuis
704 3489 868 3573 equitibus
885 3510 923 3550 ac
939 3487 1103 3573 peditibus
1120 3507 1267 3570 pugnan-

134 3572 210 3635 dum
234 3571 294 3635 tibi
317 3577 368 3654 sit,
393 3573 496 3637 Varro
521 3573 589 3637 dux
611 3575 674 3637 tuis
696 3573 851 3637 militibus
878 3584 912 3637 te
942 3574 983 3637 sit
1010 3583 1266 3658 oppugnaturus.

92 3658 246 3728 sominis
270 3659 367 3722 etiam
389 3660 448 3723 tibi
472 3681 569 3722 causa
602 3659 688 3723 absit
710 3659 745 3723 O.
769 3658 920 3722 Flaminii
953 3661 1120 3722 memoria.
1159 3669 1265 3722 tamen

132 3742 187 3806 ille
211 3743 323 3808 consul
347 3746 478 3808 demum
502 3747 589 3808 etin
611 3746 783 3831 provincia
814 3755 847 3808 et
881 3745 922 3807 ad
950 3744 1133 3809 exercitum
1159 3744 1267 3825 coepit

129 3828 257 3910 furerem
280 3830 342 3912 hic,
360 3834 550 3917 priusquam
568 3840 695 3916 peteret
711 3829 922 3910 consulatum,
940 3831 1057 3895 deinde
1072 3831 1105 3896 in
1122 3829 1265 3916 petendo
