<?xml version="1.0" encoding="UTF-8"?>
<!DOCTYPE html PUBLIC "-//W3C//DTD XHTML 1.0 Transitional//EN"
    "http://www.w3.org/TR/xhtml1/DTD/xhtml1-transitional.dtd">
<html xmlns="http://www.w3.org/1999/xhtml" xml:lang="en" lang="en">
 <head>
  <title>
</title>
<meta http-equiv="Content-Type" content="text/html;charset=utf-8" />
  <meta name='ocr-system' content='tesseract 3.04.00' />
  <meta name='ocr-capabilities' content='ocr_page ocr_carea ocr_par ocr_line ocrx_word'/>
</head>
<body>
  <div class='ocr_page' id='page_1' title='image "./aburbeconditali02livygoog_0055.png"; bbox 0 0 2738 4146; ppageno 0'>
   <div class='ocr_carea' id='block_1_1' title="bbox 93 108 1041 190">
    <p class='ocr_par' dir='ltr' id='par_1_1' title="bbox 93 108 1041 190">
     <span class='ocr_line' id='line_1_1' title="bbox 93 108 1041 190; baseline 0.006 -25"><span class='ocrx_word' id='word_1_1' title='bbox 93 108 135 166; x_wconf 77' lang='lat'><strong>42</strong></span> <span class='ocrx_word' id='word_1_2' title='bbox 352 121 460 171; x_wconf 86' lang='lat' dir='ltr'><strong>LIBER</strong></span> <span class='ocrx_word' id='word_1_3' title='bbox 477 123 498 172; x_wconf 87' lang='lat'><strong>1.</strong></span> <span class='ocrx_word' id='word_1_4' title='bbox 518 121 594 171; x_wconf 80' lang='lat' dir='ltr'><strong>cAP.</strong></span> <span class='ocrx_word' id='word_1_5' title='bbox 613 124 656 174; x_wconf 78' lang='lat'><strong>47.</strong></span> <span class='ocrx_word' id='word_1_6' title='bbox 674 123 716 172; x_wconf 81' lang='lat'><strong>48.</strong></span> <span class='ocrx_word' id='word_1_7' title='bbox 736 120 770 189; x_wconf 86' lang='lat' dir='ltr'><strong>[a.</strong></span> <span class='ocrx_word' id='word_1_8' title='bbox 789 121 823 173; x_wconf 92' lang='lat' dir='ltr'><strong>U.</strong></span> <span class='ocrx_word' id='word_1_9' title='bbox 842 137 864 172; x_wconf 90' lang='lat' dir='ltr'><strong>c.</strong></span> <span class='ocrx_word' id='word_1_10' title='bbox 886 120 1041 190; x_wconf 60' lang='lat' dir='ltr'><strong>tro-220}</strong></span> 
     </span>
    </p>
   </div>
   <div class='ocr_carea' id='block_1_2' title="bbox 53 291 1284 3893">
    <p class='ocr_par' dir='ltr' id='par_1_2' title="bbox 53 291 1284 3893">
     <span class='ocr_line' id='line_1_2' title="bbox 144 291 1284 379; baseline 0.004 -24"><span class='ocrx_word' id='word_1_11' title='bbox 144 293 178 356; x_wconf 91' lang='lat' dir='ltr'><strong>in</strong></span> <span class='ocrx_word' id='word_1_12' title='bbox 199 293 304 359; x_wconf 88' lang='lat' dir='ltr'><strong>forum</strong></span> <span class='ocrx_word' id='word_1_13' title='bbox 329 294 459 377; x_wconf 87' lang='lat' dir='ltr'><strong>inrupit.</strong></span> <span class='ocrx_word' id='word_1_14' title='bbox 497 292 574 357; x_wconf 90' lang='lat' dir='ltr'><strong>inde</strong></span> <span class='ocrx_word' id='word_1_15' title='bbox 606 292 755 356; x_wconf 89' lang='lat' dir='ltr'><strong>omnibus</strong></span> <span class='ocrx_word' id='word_1_16' title='bbox 788 291 948 377; x_wconf 86' lang='lat' dir='ltr'><strong>perculsis</strong></span> <span class='ocrx_word' id='word_1_17' title='bbox 980 313 1104 376; x_wconf 87' lang='lat' dir='ltr'><strong>pavore</strong></span> <span class='ocrx_word' id='word_1_18' title='bbox 1131 293 1166 357; x_wconf 92' lang='lat' dir='ltr'><strong>in</strong></span> <span class='ocrx_word' id='word_1_19' title='bbox 1187 295 1284 379; x_wconf 83' lang='lat' dir='ltr'><strong>regia</strong></span> 
     </span>
     <span class='ocr_line' id='line_1_3' title="bbox 145 379 1283 464; baseline 0.003 -22"><span class='ocrx_word' id='word_1_20' title='bbox 145 379 224 443; x_wconf 87' lang='lat' dir='ltr'><strong>sede</strong></span> <span class='ocrx_word' id='word_1_21' title='bbox 247 400 307 464; x_wconf 89' lang='lat' dir='ltr'><strong>pro</strong></span> <span class='ocrx_word' id='word_1_22' title='bbox 333 379 424 442; x_wconf 86' lang='lat' dir='ltr'><strong>curia</strong></span> <span class='ocrx_word' id='word_1_23' title='bbox 446 379 565 442; x_wconf 82' lang='lat' dir='ltr'><strong>sedens</strong></span> <span class='ocrx_word' id='word_1_24' title='bbox 588 392 699 464; x_wconf 87' lang='lat' dir='ltr'><strong>patres</strong></span> <span class='ocrx_word' id='word_1_25' title='bbox 723 379 755 442; x_wconf 92' lang='lat' dir='ltr'><strong>in</strong></span> <span class='ocrx_word' id='word_1_26' title='bbox 779 380 900 440; x_wconf 87' lang='lat' dir='ltr'><strong>curiam</strong></span> <span class='ocrx_word' id='word_1_27' title='bbox 934 401 994 464; x_wconf 91' lang='lat' dir='ltr'><strong>per</strong></span> <span class='ocrx_word' id='word_1_28' title='bbox 1017 400 1212 463; x_wconf 81' lang='lat' dir='ltr'>praeconem</span> <span class='ocrx_word' id='word_1_29' title='bbox 1238 381 1283 445; x_wconf 89' lang='lat' dir='ltr'><strong>ad</strong></span> 
     </span>
     <span class='ocr_line' id='line_1_4' title="bbox 110 464 1283 551; baseline 0 -21"><span class='ocrx_word' id='word_1_30' title='bbox 110 481 258 550; x_wconf 75' lang='lat' dir='ltr'><strong>tregam</strong></span> <span class='ocrx_word' id='word_1_31' title='bbox 285 464 497 551; x_wconf 78' lang='lat' dir='ltr'><strong>Tarquinium</strong></span> <span class='ocrx_word' id='word_1_32' title='bbox 532 465 623 528; x_wconf 88' lang='lat' dir='ltr'><strong>citari</strong></span> <span class='ocrx_word' id='word_1_33' title='bbox 655 465 756 526; x_wconf 91' lang='lat' dir='ltr'><strong>iussit.</strong></span> <span class='ocrx_word' id='word_1_34' title='bbox 797 486 979 528; x_wconf 86' lang='lat' dir='ltr'><strong>convenere</strong></span> <span class='ocrx_word' id='word_1_35' title='bbox 1012 464 1189 550; x_wconf 86' lang='lat' dir='ltr'><strong>externplo,</strong></span> <span class='ocrx_word' id='word_1_36' title='bbox 1225 466 1283 531; x_wconf 89' lang='lat' dir='ltr'><strong>alii</strong></span> 
     </span>
     <span class='ocr_line' id='line_1_5' title="bbox 145 546 1282 638; baseline 0.002 -24"><span class='ocrx_word' id='word_1_37' title='bbox 145 552 211 614; x_wconf 90' lang='lat' dir='ltr'><strong>iam</strong></span> <span class='ocrx_word' id='word_1_38' title='bbox 234 562 309 615; x_wconf 86' lang='lat' dir='ltr'><strong>ante</strong></span> <span class='ocrx_word' id='word_1_39' title='bbox 333 553 372 613; x_wconf 90' lang='lat' dir='ltr'><strong>ad</strong></span> <span class='ocrx_word' id='word_1_40' title='bbox 397 550 460 614; x_wconf 92' lang='lat' dir='ltr'><strong>hoc</strong></span> <span class='ocrx_word' id='word_1_41' title='bbox 482 551 681 638; x_wconf 84' lang='lat' dir='ltr'><strong>praeparati,</strong></span> <span class='ocrx_word' id='word_1_42' title='bbox 698 546 752 613; x_wconf 83' lang='lat' dir='ltr'><strong>alii</strong></span> <span class='ocrx_word' id='word_1_43' title='bbox 769 560 867 631; x_wconf 84' lang='lat' dir='ltr'><strong>metu,</strong></span> <span class='ocrx_word' id='word_1_44' title='bbox 890 573 931 614; x_wconf 89' lang='lat' dir='ltr'><strong>nc</strong></span> <span class='ocrx_word' id='word_1_45' title='bbox 946 572 1010 614; x_wconf 92' lang='lat' dir='ltr'><strong>non</strong></span> <span class='ocrx_word' id='word_1_46' title='bbox 1028 551 1156 616; x_wconf 89' lang='lat' dir='ltr'><strong>venisse</strong></span> <span class='ocrx_word' id='word_1_47' title='bbox 1170 551 1282 616; x_wconf 83' lang='lat' dir='ltr'><strong>fraudi</strong></span> 
     </span>
     <span class='ocr_line' id='line_1_6' title="bbox 148 635 1280 714; baseline 0.001 -13"><span class='ocrx_word' id='word_1_48' title='bbox 148 647 243 714; x_wconf 83' lang='lat' dir='ltr'><strong>esset,</strong></span> <span class='ocrx_word' id='word_1_49' title='bbox 265 638 409 703; x_wconf 86' lang='lat' dir='ltr'><strong>novitate</strong></span> <span class='ocrx_word' id='word_1_50' title='bbox 433 658 471 698; x_wconf 89' lang='lat' dir='ltr'><strong>ac</strong></span> <span class='ocrx_word' id='word_1_51' title='bbox 497 635 655 699; x_wconf 88' lang='lat' dir='ltr'><strong>miraculo</strong></span> <span class='ocrx_word' id='word_1_52' title='bbox 679 637 807 700; x_wconf 83' lang='lat' dir='ltr'><strong>attoniti</strong></span> <span class='ocrx_word' id='word_1_53' title='bbox 830 646 863 701; x_wconf 89' lang='lat' dir='ltr'><strong>et</strong></span> <span class='ocrx_word' id='word_1_54' title='bbox 884 638 947 699; x_wconf 87' lang='lat' dir='ltr'><strong>iam</strong></span> <span class='ocrx_word' id='word_1_55' title='bbox 973 636 1013 701; x_wconf 88' lang='lat' dir='ltr'><strong>dc</strong></span> <span class='ocrx_word' id='word_1_56' title='bbox 1037 635 1150 701; x_wconf 69' lang='lat' dir='ltr'><strong>Seruio</strong></span> <span class='ocrx_word' id='word_1_57' title='bbox 1167 648 1280 704; x_wconf 86' lang='lat' dir='ltr'><strong>actum</strong></span> 
     </span>
     <span class='ocr_line' id='line_1_7' title="bbox 99 721 1280 808; baseline 0.003 -22"><span class='ocrx_word' id='word_1_58' title='bbox 99 742 130 789; x_wconf 79' lang='lat' dir='ltr'><strong>ro</strong></span> <span class='ocrx_word' id='word_1_59' title='bbox 148 724 218 786; x_wconf 89' lang='lat' dir='ltr'><strong>rati.</strong></span> <span class='ocrx_word' id='word_1_60' title='bbox 241 722 287 786; x_wconf 92' lang='lat' dir='ltr'><strong>ibi</strong></span> <span class='ocrx_word' id='word_1_61' title='bbox 309 723 505 806; x_wconf 85' lang='lat' dir='ltr'><strong>Tarquinius</strong></span> <span class='ocrx_word' id='word_1_62' title='bbox 526 722 701 785; x_wconf 89' lang='lat' dir='ltr'><strong>maledicta</strong></span> <span class='ocrx_word' id='word_1_63' title='bbox 716 722 757 786; x_wconf 92' lang='lat' dir='ltr'><strong>ab</strong></span> <span class='ocrx_word' id='word_1_64' title='bbox 775 723 877 808; x_wconf 87' lang='lat' dir='ltr'><strong>stirpe</strong></span> <span class='ocrx_word' id='word_1_65' title='bbox 892 721 1006 785; x_wconf 86' lang='lat' dir='ltr'><strong>ultima</strong></span> <span class='ocrx_word' id='word_1_66' title='bbox 1023 743 1130 786; x_wconf 88' lang='lat' dir='ltr'><strong>orsus:</strong></span> <span class='ocrx_word' id='word_1_67' title='bbox 1146 746 1280 789; x_wconf 87' lang='lat' dir='ltr'><strong>servum</strong></span> 
     </span>
     <span class='ocr_line' id='line_1_8' title="bbox 147 809 1281 894; baseline 0.003 -22"><span class='ocrx_word' id='word_1_68' title='bbox 147 831 307 894; x_wconf 86' lang='lat' dir='ltr'><strong>servaque</strong></span> <span class='ocrx_word' id='word_1_69' title='bbox 329 818 438 872; x_wconf 89' lang='lat' dir='ltr'><strong>natum</strong></span> <span class='ocrx_word' id='word_1_70' title='bbox 469 818 544 891; x_wconf 93' lang='lat' dir='ltr'><strong>post</strong></span> <span class='ocrx_word' id='word_1_71' title='bbox 577 819 713 871; x_wconf 89' lang='lat' dir='ltr'><strong>mortem</strong></span> <span class='ocrx_word' id='word_1_72' title='bbox 747 809 910 891; x_wconf 83' lang='lat' dir='ltr'><strong>indignam</strong></span> <span class='ocrx_word' id='word_1_73' title='bbox 943 810 1088 894; x_wconf 88' lang='lat' dir='ltr'><strong>parentis</strong></span> <span class='ocrx_word' id='word_1_74' title='bbox 1120 811 1180 888; x_wconf 82' lang='lat' dir='ltr'><strong>sul,</strong></span> <span class='ocrx_word' id='word_1_75' title='bbox 1212 833 1281 875; x_wconf 89' lang='lat' dir='ltr'><strong>non</strong></span> 
     </span>
     <span class='ocr_line' id='line_1_9' title="bbox 147 893 1279 983; baseline 0.003 -26"><span class='ocrx_word' id='word_1_76' title='bbox 147 896 344 978; x_wconf 87' lang='lat' dir='ltr'><strong>interregno,</strong></span> <span class='ocrx_word' id='word_1_77' title='bbox 368 904 404 957; x_wconf 91' lang='lat' dir='ltr'><strong>ut</strong></span> <span class='ocrx_word' id='word_1_78' title='bbox 427 907 532 974; x_wconf 79' lang='lat' dir='ltr'><strong>antea,</strong></span> <span class='ocrx_word' id='word_1_79' title='bbox 565 893 653 975; x_wconf 87' lang='lat' dir='ltr'><strong>inito,</strong></span> <span class='ocrx_word' id='word_1_80' title='bbox 686 915 749 958; x_wconf 93' lang='lat' dir='ltr'><strong>non</strong></span> <span class='ocrx_word' id='word_1_81' title='bbox 784 895 922 958; x_wconf 86' lang='lat' dir='ltr'><strong>comitiis</strong></span> <span class='ocrx_word' id='word_1_82' title='bbox 954 894 1083 976; x_wconf 83' lang='lat' dir='ltr'><strong>habitis,</strong></span> <span class='ocrx_word' id='word_1_83' title='bbox 1120 917 1184 960; x_wconf 91' lang='lat' dir='ltr'><strong>non</strong></span> <span class='ocrx_word' id='word_1_84' title='bbox 1216 919 1279 983; x_wconf 86' lang='lat' dir='ltr'><strong>por</strong></span> 
     </span>
     <span class='ocr_line' id='line_1_10' title="bbox 147 980 1278 1065; baseline 0.004 -22"><span class='ocrx_word' id='word_1_85' title='bbox 147 980 336 1063; x_wconf 81' lang='lat' dir='ltr'><strong>suffragium</strong></span> <span class='ocrx_word' id='word_1_86' title='bbox 358 981 479 1065; x_wconf 72' lang='lat' dir='ltr'><strong>populi</strong></span> <span class='ocrx_word' id='word_1_87' title='bbox 511 1002 576 1043; x_wconf 91' lang='lat' dir='ltr'><strong>non</strong></span> <span class='ocrx_word' id='word_1_88' title='bbox 608 980 794 1044; x_wconf 86' lang='lat' dir='ltr'><strong>auctoribus</strong></span> <span class='ocrx_word' id='word_1_89' title='bbox 824 981 980 1065; x_wconf 88' lang='lat' dir='ltr'><strong>patribus,</strong></span> <span class='ocrx_word' id='word_1_90' title='bbox 1014 981 1166 1046; x_wconf 88' lang='lat' dir='ltr'><strong>muliebri</strong></span> <span class='ocrx_word' id='word_1_91' title='bbox 1189 982 1278 1048; x_wconf 90' lang='lat' dir='ltr'><strong>dono</strong></span> 
     </span>
     <span class='ocr_line' id='line_1_11' title="bbox 97 1066 1279 1151; baseline 0 -19"><span class='ocrx_word' id='word_1_92' title='bbox 97 1083 128 1132; x_wconf 88' lang='lat'><strong>11</strong></span> <span class='ocrx_word' id='word_1_93' title='bbox 145 1088 282 1147; x_wconf 84' lang='lat' dir='ltr'><strong>regnum</strong></span> <span class='ocrx_word' id='word_1_94' title='bbox 306 1088 494 1151; x_wconf 78' lang='lat' dir='ltr'><strong>occupasse.</strong></span> <span class='ocrx_word' id='word_1_95' title='bbox 518 1068 563 1128; x_wconf 89' lang='lat' dir='ltr'><strong>ita</strong></span> <span class='ocrx_word' id='word_1_96' title='bbox 585 1077 707 1146; x_wconf 85' lang='lat' dir='ltr'><strong>natum,</strong></span> <span class='ocrx_word' id='word_1_97' title='bbox 730 1067 775 1129; x_wconf 89' lang='lat' dir='ltr'><strong>ita</strong></span> <span class='ocrx_word' id='word_1_98' title='bbox 798 1076 943 1130; x_wconf 84' lang='lat' dir='ltr'><strong>creatum</strong></span> <span class='ocrx_word' id='word_1_99' title='bbox 966 1088 1088 1151; x_wconf 84' lang='lat' dir='ltr'><strong>regem,</strong></span> <span class='ocrx_word' id='word_1_100' title='bbox 1113 1066 1279 1132; x_wconf 82' lang='lat' dir='ltr'><strong>fautorem</strong></span> 
     </span>
     <span class='ocr_line' id='line_1_12' title="bbox 147 1151 1277 1238; baseline 0 -22"><span class='ocrx_word' id='word_1_101' title='bbox 147 1151 247 1216; x_wconf 90' lang='lat' dir='ltr'><strong>infimi</strong></span> <span class='ocrx_word' id='word_1_102' title='bbox 269 1154 398 1236; x_wconf 88' lang='lat' dir='ltr'><strong>generis</strong></span> <span class='ocrx_word' id='word_1_103' title='bbox 421 1151 596 1220; x_wconf 84' lang='lat' dir='ltr'><strong>hominum,</strong></span> <span class='ocrx_word' id='word_1_104' title='bbox 621 1173 664 1214; x_wconf 87' lang='lat' dir='ltr'><strong>ex</strong></span> <span class='ocrx_word' id='word_1_105' title='bbox 688 1174 752 1237; x_wconf 93' lang='lat' dir='ltr'><strong>quo</strong></span> <span class='ocrx_word' id='word_1_106' title='bbox 775 1153 845 1238; x_wconf 88' lang='lat' dir='ltr'><strong>ipse</strong></span> <span class='ocrx_word' id='word_1_107' title='bbox 869 1153 918 1227; x_wconf 91' lang='lat' dir='ltr'><strong>sit,</strong></span> <span class='ocrx_word' id='word_1_108' title='bbox 944 1153 1019 1216; x_wconf 90' lang='lat' dir='ltr'><strong>odio</strong></span> <span class='ocrx_word' id='word_1_109' title='bbox 1036 1151 1161 1217; x_wconf 87' lang='lat' dir='ltr'><strong>alienac</strong></span> <span class='ocrx_word' id='word_1_110' title='bbox 1177 1155 1277 1218; x_wconf 92' lang='lat' dir='ltr'><strong>hone·</strong></span> 
     </span>
     <span class='ocr_line' id='line_1_13' title="bbox 148 1236 1278 1325; baseline 0.001 -24"><span class='ocrx_word' id='word_1_111' title='bbox 148 1240 239 1301; x_wconf 89' lang='lat' dir='ltr'><strong>statis</strong></span> <span class='ocrx_word' id='word_1_112' title='bbox 273 1247 421 1322; x_wconf 86' lang='lat' dir='ltr'><strong>ereptum</strong></span> <span class='ocrx_word' id='word_1_113' title='bbox 453 1236 648 1323; x_wconf 91' lang='lat' dir='ltr'><strong>primoribus</strong></span> <span class='ocrx_word' id='word_1_114' title='bbox 672 1260 785 1321; x_wconf 87' lang='lat' dir='ltr'><strong>agrum</strong></span> <span class='ocrx_word' id='word_1_115' title='bbox 809 1237 1030 1302; x_wconf 89' lang='lat' dir='ltr'><strong>sordidissimo</strong></span> <span class='ocrx_word' id='word_1_116' title='bbox 1054 1240 1171 1325; x_wconf 90' lang='lat' dir='ltr'><strong>cuique</strong></span> <span class='ocrx_word' id='word_1_117' title='bbox 1195 1239 1278 1302; x_wconf 92' lang='lat' dir='ltr'><strong>divi·</strong></span> 
     </span>
     <span class='ocr_line' id='line_1_14' title="bbox 99 1325 1277 1409; baseline 0 -21"><span class='ocrx_word' id='word_1_118' title='bbox 99 1343 129 1389; x_wconf 75' lang='lat'><strong>12</strong></span> <span class='ocrx_word' id='word_1_119' title='bbox 147 1325 242 1405; x_wconf 87' lang='lat' dir='ltr'><strong>sisse;</strong></span> <span class='ocrx_word' id='word_1_120' title='bbox 276 1325 384 1388; x_wconf 90' lang='lat' dir='ltr'><strong>omnia</strong></span> <span class='ocrx_word' id='word_1_121' title='bbox 417 1346 526 1403; x_wconf 81' lang='lat' dir='ltr'><strong>onera,</strong></span> <span class='ocrx_word' id='word_1_122' title='bbox 562 1346 645 1408; x_wconf 88' lang='lat' dir='ltr'><strong>quae</strong></span> <span class='ocrx_word' id='word_1_123' title='bbox 680 1325 862 1388; x_wconf 90' lang='lat' dir='ltr'><strong>communia</strong></span> <span class='ocrx_word' id='word_1_124' title='bbox 884 1325 1048 1409; x_wconf 92' lang='lat' dir='ltr'><strong>quondam</strong></span> <span class='ocrx_word' id='word_1_125' title='bbox 1069 1325 1198 1406; x_wconf 84' lang='lat' dir='ltr'><strong>suerint,</strong></span> <span class='ocrx_word' id='word_1_126' title='bbox 1230 1327 1277 1388; x_wconf 93' lang='lat' dir='ltr'><strong>in·</strong></span> 
     </span>
     <span class='ocr_line' id='line_1_15' title="bbox 147 1408 1278 1495; baseline 0.001 -22"><span class='ocrx_word' id='word_1_127' title='bbox 147 1408 284 1473; x_wconf 78' lang='lat' dir='ltr'><strong>clinasce</strong></span> <span class='ocrx_word' id='word_1_128' title='bbox 307 1411 340 1472; x_wconf 89' lang='lat' dir='ltr'><strong>in</strong></span> <span class='ocrx_word' id='word_1_129' title='bbox 362 1411 520 1495; x_wconf 85' lang='lat' dir='ltr'><strong>primores</strong></span> <span class='ocrx_word' id='word_1_130' title='bbox 544 1410 698 1490; x_wconf 90' lang='lat' dir='ltr'><strong>civitatis;</strong></span> <span class='ocrx_word' id='word_1_131' title='bbox 720 1411 896 1473; x_wconf 88' lang='lat' dir='ltr'><strong>instituisse</strong></span> <span class='ocrx_word' id='word_1_132' title='bbox 920 1433 1062 1490; x_wconf 90' lang='lat' dir='ltr'><strong>censum,</strong></span> <span class='ocrx_word' id='word_1_133' title='bbox 1085 1424 1122 1474; x_wconf 90' lang='lat' dir='ltr'><strong>ut</strong></span> <span class='ocrx_word' id='word_1_134' title='bbox 1142 1412 1278 1494; x_wconf 85' lang='lat' dir='ltr'><strong>insignis</strong></span> 
     </span>
     <span class='ocr_line' id='line_1_16' title="bbox 147 1494 1277 1581; baseline 0.002 -23"><span class='ocrx_word' id='word_1_135' title='bbox 147 1495 190 1559; x_wconf 87' lang='lat' dir='ltr'><strong>ad</strong></span> <span class='ocrx_word' id='word_1_136' title='bbox 211 1495 366 1560; x_wconf 86' lang='lat' dir='ltr'><strong>invidiam</strong></span> <span class='ocrx_word' id='word_1_137' title='bbox 397 1494 646 1579; x_wconf 84' lang='lat' dir='ltr'><strong>locupletiorum</strong></span> <span class='ocrx_word' id='word_1_138' title='bbox 678 1495 809 1558; x_wconf 79' lang='lat' dir='ltr'><strong>fortuna</strong></span> <span class='ocrx_word' id='word_1_139' title='bbox 840 1505 927 1560; x_wconf 87' lang='lat' dir='ltr'><strong>esset</strong></span> <span class='ocrx_word' id='word_1_140' title='bbox 957 1505 990 1560; x_wconf 94' lang='lat' dir='ltr'><strong>et</strong></span> <span class='ocrx_word' id='word_1_141' title='bbox 1020 1507 1143 1581; x_wconf 85' lang='lat' dir='ltr'><strong>parata,</strong></span> <span class='ocrx_word' id='word_1_142' title='bbox 1175 1498 1277 1578; x_wconf 90' lang='lat' dir='ltr'><strong>unde,</strong></span> 
     </span>
     <span class='ocr_line' id='line_1_17' title="bbox 148 1579 779 1664; baseline -0.01 -18"><span class='ocrx_word' id='word_1_143' title='bbox 148 1581 204 1646; x_wconf 92' lang='lat' dir='ltr'><strong>ubi</strong></span> <span class='ocrx_word' id='word_1_144' title='bbox 226 1580 336 1657; x_wconf 84' lang='lat' dir='ltr'><strong>vellet,</strong></span> <span class='ocrx_word' id='word_1_145' title='bbox 361 1582 575 1664; x_wconf 81' lang='lat' dir='ltr'><strong>egentissimis</strong></span> <span class='ocrx_word' id='word_1_146' title='bbox 598 1579 779 1662; x_wconf 77' lang='lat' dir='ltr'><strong>largiretur,</strong></span> 
     </span>
     <span class='ocr_line' id='line_1_18' title="bbox 112 1666 1278 1734; baseline -0.003 0"><span class='ocrx_word' id='word_1_147' title='bbox 112 1686 125 1734; x_wconf 95' lang='lat'>1</span> <span class='ocrx_word' id='word_1_148' title='bbox 250 1667 405 1731; x_wconf 86' lang='lat' dir='ltr'>XLVIII.</span> <span class='ocrx_word' id='word_1_149' title='bbox 452 1667 539 1730; x_wconf 91' lang='lat' dir='ltr'><strong>Huic</strong></span> <span class='ocrx_word' id='word_1_150' title='bbox 582 1669 716 1730; x_wconf 89' lang='lat' dir='ltr'><strong>orationi</strong></span> <span class='ocrx_word' id='word_1_151' title='bbox 755 1666 886 1732; x_wconf 83' lang='lat' dir='ltr'><strong>Servius</strong></span> <span class='ocrx_word' id='word_1_152' title='bbox 930 1689 1003 1730; x_wconf 92' lang='lat' dir='ltr'><strong>cum</strong></span> <span class='ocrx_word' id='word_1_153' title='bbox 1047 1667 1278 1731; x_wconf 84' lang='lat' dir='ltr'><strong>intervenisset</strong></span> 
     </span>
     <span class='ocr_line' id='line_1_19' title="bbox 53 1752 1276 1838; baseline -0.002 -22"><span class='ocrx_word' id='word_1_154' title='bbox 53 1811 56 1816; x_wconf 12' lang='grc' dir='ltr'><em>ί</em></span> <span class='ocrx_word' id='word_1_155' title='bbox 147 1753 275 1838; x_wconf 87' lang='lat' dir='ltr'><strong>trepido</strong></span> <span class='ocrx_word' id='word_1_156' title='bbox 299 1754 411 1816; x_wconf 91' lang='lat' dir='ltr'><strong>nuntio</strong></span> <span class='ocrx_word' id='word_1_157' title='bbox 436 1755 607 1835; x_wconf 80' lang='lat' dir='ltr'><strong>excitatus,</strong></span> <span class='ocrx_word' id='word_1_158' title='bbox 631 1752 795 1838; x_wconf 84' lang='lat' dir='ltr'><strong>extemplo</strong></span> <span class='ocrx_word' id='word_1_159' title='bbox 820 1752 1014 1817; x_wconf 81' lang='lat' dir='ltr'><strong>aveatibulo</strong></span> <span class='ocrx_word' id='word_1_160' title='bbox 1032 1754 1141 1816; x_wconf 88' lang='lat' dir='ltr'><strong>curiae</strong></span> <span class='ocrx_word' id='word_1_161' title='bbox 1155 1773 1276 1835; x_wconf 88' lang='lat' dir='ltr'><strong>magna</strong></span> 
     </span>
     <span class='ocr_line' id='line_1_20' title="bbox 146 1837 1278 1925; baseline 0 -24"><span class='ocrx_word' id='word_1_162' title='bbox 146 1860 227 1902; x_wconf 91' lang='lat' dir='ltr'><strong>voce</strong></span> <span class='ocrx_word' id='word_1_163' title='bbox 253 1840 350 1925; x_wconf 84' lang='lat' dir='ltr'><strong>„quid</strong></span> <span class='ocrx_word' id='word_1_164' title='bbox 374 1837 456 1903; x_wconf 83' lang='lat' dir='ltr'><strong>hoc“</strong></span> <span class='ocrx_word' id='word_1_165' title='bbox 481 1841 595 1923; x_wconf 79' lang='lat' dir='ltr'><strong>inquit,</strong></span> <span class='ocrx_word' id='word_1_166' title='bbox 620 1840 805 1924; x_wconf 71' lang='lat' dir='ltr'><strong>„Tarquini</strong></span> <span class='ocrx_word' id='word_1_167' title='bbox 828 1841 876 1902; x_wconf 89' lang='lat' dir='ltr'><strong>rei</strong></span> <span class='ocrx_word' id='word_1_168' title='bbox 898 1837 970 1902; x_wconf 76' lang='lat' dir='ltr'><strong>est?</strong></span> <span class='ocrx_word' id='word_1_169' title='bbox 992 1861 1057 1924; x_wconf 86' lang='lat' dir='ltr'><strong>qua</strong></span> <span class='ocrx_word' id='word_1_170' title='bbox 1079 1848 1115 1902; x_wconf 89' lang='lat' dir='ltr'><strong>tu</strong></span> <span class='ocrx_word' id='word_1_171' title='bbox 1137 1838 1278 1901; x_wconf 84' lang='lat' dir='ltr'><strong>audacia</strong></span> 
     </span>
     <span class='ocr_line' id='line_1_21' title="bbox 104 1921 1273 2008; baseline -0.001 -21"><span class='ocrx_word' id='word_1_172' title='bbox 104 1947 106 1951; x_wconf 71' lang='grc'>’</span> <span class='ocrx_word' id='word_1_173' title='bbox 147 1947 200 1988; x_wconf 90' lang='lat' dir='ltr'><strong>me</strong></span> <span class='ocrx_word' id='word_1_174' title='bbox 222 1926 299 1990; x_wconf 91' lang='lat' dir='ltr'><strong>vivo</strong></span> <span class='ocrx_word' id='word_1_175' title='bbox 322 1947 441 1989; x_wconf 85' lang='lat' dir='ltr'><strong>vocare</strong></span> <span class='ocrx_word' id='word_1_176' title='bbox 464 1947 562 1988; x_wconf 89' lang='lat' dir='ltr'><strong>ausus</strong></span> <span class='ocrx_word' id='word_1_177' title='bbox 586 1947 620 1987; x_wconf 87' lang='lat' dir='ltr'><strong>es</strong></span> <span class='ocrx_word' id='word_1_178' title='bbox 636 1936 746 2008; x_wconf 88' lang='lat' dir='ltr'><strong>patres</strong></span> <span class='ocrx_word' id='word_1_179' title='bbox 762 1935 818 1989; x_wconf 89' lang='lat' dir='ltr'><strong>aut</strong></span> <span class='ocrx_word' id='word_1_180' title='bbox 832 1926 864 1987; x_wconf 94' lang='lat' dir='ltr'><strong>in</strong></span> <span class='ocrx_word' id='word_1_181' title='bbox 880 1924 959 1988; x_wconf 91' lang='lat' dir='ltr'><strong>sede</strong></span> <span class='ocrx_word' id='word_1_182' title='bbox 975 1925 1144 1989; x_wconf 85' lang='lat' dir='ltr'><strong>considere</strong></span> <span class='ocrx_word' id='word_1_183' title='bbox 1158 1921 1273 1988; x_wconf 76' lang='lat' dir='ltr'><strong>mea?“</strong></span> 
     </span>
     <span class='ocr_line' id='line_1_22' title="bbox 112 2008 1274 2095; baseline -0.003 -18"><span class='ocrx_word' id='word_1_184' title='bbox 112 2030 127 2077; x_wconf 76' lang='lat'><strong>‘2</strong></span> <span class='ocrx_word' id='word_1_185' title='bbox 146 2033 222 2074; x_wconf 89' lang='lat' dir='ltr'><strong>cum</strong></span> <span class='ocrx_word' id='word_1_186' title='bbox 244 2009 299 2074; x_wconf 95' lang='lat' dir='ltr'><strong>ille</strong></span> <span class='ocrx_word' id='word_1_187' title='bbox 322 2011 474 2073; x_wconf 82' lang='lat' dir='ltr'><strong>ferociter</strong></span> <span class='ocrx_word' id='word_1_188' title='bbox 496 2010 536 2073; x_wconf 91' lang='lat' dir='ltr'><strong>ad</strong></span> <span class='ocrx_word' id='word_1_189' title='bbox 561 2010 652 2083; x_wconf 89' lang='lat' dir='ltr'><strong>haec,</strong></span> <span class='ocrx_word' id='word_1_190' title='bbox 677 2033 711 2074; x_wconf 88' lang='lat' dir='ltr'><strong>sc</strong></span> <span class='ocrx_word' id='word_1_191' title='bbox 726 2013 826 2095; x_wconf 87' lang='lat' dir='ltr'><strong>patris</strong></span> <span class='ocrx_word' id='word_1_192' title='bbox 843 2012 893 2075; x_wconf 90' lang='lat' dir='ltr'><strong>sui</strong></span> <span class='ocrx_word' id='word_1_193' title='bbox 907 2019 1019 2074; x_wconf 88' lang='lat' dir='ltr'><strong>tenere</strong></span> <span class='ocrx_word' id='word_1_194' title='bbox 1035 2010 1157 2092; x_wconf 75' lang='lat' dir='ltr'><strong>sedem,</strong></span> <span class='ocrx_word' id='word_1_195' title='bbox 1172 2008 1274 2074; x_wconf 91' lang='lat' dir='ltr'><strong>multo</strong></span> 
     </span>
     <span class='ocr_line' id='line_1_23' title="bbox 147 2095 1275 2181; baseline -0.002 -21"><span class='ocrx_word' id='word_1_196' title='bbox 147 2118 244 2181; x_wconf 85' lang='lat' dir='ltr'><strong>quam</strong></span> <span class='ocrx_word' id='word_1_197' title='bbox 268 2118 398 2160; x_wconf 87' lang='lat' dir='ltr'><strong>servum</strong></span> <span class='ocrx_word' id='word_1_198' title='bbox 428 2097 590 2179; x_wconf 89' lang='lat' dir='ltr'><strong>potiorem</strong></span> <span class='ocrx_word' id='word_1_199' title='bbox 621 2095 723 2160; x_wconf 81' lang='lat' dir='ltr'><strong>fillum</strong></span> <span class='ocrx_word' id='word_1_200' title='bbox 755 2099 841 2179; x_wconf 88' lang='lat' dir='ltr'><strong>regis</strong></span> <span class='ocrx_word' id='word_1_201' title='bbox 875 2097 967 2180; x_wconf 90' lang='lat' dir='ltr'><strong>regni</strong></span> <span class='ocrx_word' id='word_1_202' title='bbox 998 2096 1165 2173; x_wconf 87' lang='lat' dir='ltr'><strong>heredem,</strong></span> <span class='ocrx_word' id='word_1_203' title='bbox 1196 2096 1275 2159; x_wconf 83' lang='lat' dir='ltr'><strong>satis</strong></span> 
     </span>
     <span class='ocr_line' id='line_1_24' title="bbox 148 2178 1276 2266; baseline 0.001 -22"><span class='ocrx_word' id='word_1_204' title='bbox 148 2181 239 2246; x_wconf 91' lang='lat' dir='ltr'><strong>illum</strong></span> <span class='ocrx_word' id='word_1_205' title='bbox 263 2182 318 2246; x_wconf 94' lang='lat' dir='ltr'><strong>diu</strong></span> <span class='ocrx_word' id='word_1_206' title='bbox 340 2204 401 2266; x_wconf 88' lang='lat' dir='ltr'><strong>per</strong></span> <span class='ocrx_word' id='word_1_207' title='bbox 422 2181 584 2245; x_wconf 84' lang='lat' dir='ltr'><strong>licentiam</strong></span> <span class='ocrx_word' id='word_1_208' title='bbox 600 2180 785 2247; x_wconf 86' lang='lat' dir='ltr'><strong>eludentem</strong></span> <span class='ocrx_word' id='word_1_209' title='bbox 801 2181 974 2246; x_wconf 88' lang='lat' dir='ltr'><strong>insultasse</strong></span> <span class='ocrx_word' id='word_1_210' title='bbox 990 2183 1136 2259; x_wconf 75' lang='lat' dir='ltr'><strong>domInis,</strong></span> <span class='ocrx_word' id='word_1_211' title='bbox 1153 2178 1276 2246; x_wconf 85' lang='lat' dir='ltr'><strong>clamor</strong></span> 
     </span>
     <span class='ocr_line' id='line_1_25' title="bbox 146 2266 1275 2354; baseline -0.001 -23"><span class='ocrx_word' id='word_1_212' title='bbox 146 2267 187 2331; x_wconf 91' lang='lat' dir='ltr'><strong>ab</strong></span> <span class='ocrx_word' id='word_1_213' title='bbox 210 2268 381 2353; x_wconf 89' lang='lat' dir='ltr'><strong>utriusque</strong></span> <span class='ocrx_word' id='word_1_214' title='bbox 403 2266 585 2331; x_wconf 82' lang='lat' dir='ltr'><strong>fautoribus</strong></span> <span class='ocrx_word' id='word_1_215' title='bbox 609 2269 719 2350; x_wconf 86' lang='lat' dir='ltr'><strong>oritur,</strong></span> <span class='ocrx_word' id='word_1_216' title='bbox 756 2278 788 2331; x_wconf 89' lang='lat' dir='ltr'><strong>et</strong></span> <span class='ocrx_word' id='word_1_217' title='bbox 822 2291 997 2354; x_wconf 87' lang='lat' dir='ltr'><strong>concursus</strong></span> <span class='ocrx_word' id='word_1_218' title='bbox 1030 2267 1142 2353; x_wconf 93' lang='lat' dir='ltr'><strong>populi</strong></span> <span class='ocrx_word' id='word_1_219' title='bbox 1174 2267 1275 2330; x_wconf 83' lang='lat' dir='ltr'><strong>fiebat</strong></span> 
     </span>
     <span class='ocr_line' id='line_1_26' title="bbox 112 2352 1274 2440; baseline -0.003 -23"><span class='ocrx_word' id='word_1_220' title='bbox 112 2355 178 2423; x_wconf 81' lang='lat' dir='ltr'><strong>ain</strong></span> <span class='ocrx_word' id='word_1_221' title='bbox 202 2354 335 2435; x_wconf 87' lang='lat' dir='ltr'><strong>curiam,</strong></span> <span class='ocrx_word' id='word_1_222' title='bbox 359 2354 607 2439; x_wconf 87' lang='lat' dir='ltr'><strong>apparebatque</strong></span> <span class='ocrx_word' id='word_1_223' title='bbox 628 2363 850 2437; x_wconf 86' lang='lat' dir='ltr'><strong>regnaturum,</strong></span> <span class='ocrx_word' id='word_1_224' title='bbox 875 2356 930 2440; x_wconf 91' lang='lat' dir='ltr'><strong>qui</strong></span> <span class='ocrx_word' id='word_1_225' title='bbox 945 2355 1086 2418; x_wconf 88' lang='lat' dir='ltr'><strong>vicisset.</strong></span> <span class='ocrx_word' id='word_1_226' title='bbox 1109 2363 1179 2417; x_wconf 93' lang='lat' dir='ltr'><strong>tum</strong></span> <span class='ocrx_word' id='word_1_227' title='bbox 1194 2352 1274 2416; x_wconf 81' lang='lat' dir='ltr'><strong>Tar·</strong></span> 
     </span>
     <span class='ocr_line' id='line_1_27' title="bbox 146 2437 1276 2526; baseline -0.003 -22"><span class='ocrx_word' id='word_1_228' title='bbox 146 2442 274 2526; x_wconf 91' lang='lat' dir='ltr'><strong>quinius</strong></span> <span class='ocrx_word' id='word_1_229' title='bbox 297 2442 491 2504; x_wconf 88' lang='lat' dir='ltr'><strong>necessitate</strong></span> <span class='ocrx_word' id='word_1_230' title='bbox 515 2441 578 2502; x_wconf 89' lang='lat' dir='ltr'><strong>iam</strong></span> <span class='ocrx_word' id='word_1_231' title='bbox 600 2440 672 2523; x_wconf 88' lang='lat' dir='ltr'><strong>ipsa</strong></span> <span class='ocrx_word' id='word_1_232' title='bbox 695 2451 829 2524; x_wconf 80' lang='lat' dir='ltr'><strong>cogente</strong></span> <span class='ocrx_word' id='word_1_233' title='bbox 862 2441 977 2504; x_wconf 89' lang='lat' dir='ltr'><strong>ultima</strong></span> <span class='ocrx_word' id='word_1_234' title='bbox 1007 2439 1139 2520; x_wconf 83' lang='lat' dir='ltr'><strong>audere,</strong></span> <span class='ocrx_word' id='word_1_235' title='bbox 1172 2437 1276 2502; x_wconf 84' lang='lat' dir='ltr'><strong>multo</strong></span> 
     </span>
     <span class='ocr_line' id='line_1_28' title="bbox 146 2524 1271 2610; baseline -0.002 -21"><span class='ocrx_word' id='word_1_236' title='bbox 146 2539 178 2589; x_wconf 89' lang='lat' dir='ltr'><strong>et</strong></span> <span class='ocrx_word' id='word_1_237' title='bbox 200 2536 307 2590; x_wconf 88' lang='lat' dir='ltr'><strong>aetate</strong></span> <span class='ocrx_word' id='word_1_238' title='bbox 330 2537 363 2591; x_wconf 92' lang='lat' dir='ltr'><strong>et</strong></span> <span class='ocrx_word' id='word_1_239' title='bbox 384 2526 508 2590; x_wconf 85' lang='lat' dir='ltr'><strong>viribus</strong></span> <span class='ocrx_word' id='word_1_240' title='bbox 531 2524 679 2603; x_wconf 86' lang='lat' dir='ltr'><strong>validior,</strong></span> <span class='ocrx_word' id='word_1_241' title='bbox 703 2527 848 2590; x_wconf 91' lang='lat' dir='ltr'><strong>medium</strong></span> <span class='ocrx_word' id='word_1_242' title='bbox 869 2527 983 2610; x_wconf 87' lang='lat' dir='ltr'><strong>arripit</strong></span> <span class='ocrx_word' id='word_1_243' title='bbox 1020 2525 1168 2589; x_wconf 85' lang='lat' dir='ltr'><strong>Servium</strong></span> <span class='ocrx_word' id='word_1_244' title='bbox 1207 2524 1271 2588; x_wconf 84' lang='lat' dir='ltr'><strong>ela·</strong></span> 
     </span>
     <span class='ocr_line' id='line_1_29' title="bbox 145 2610 1276 2698; baseline -0.002 -24"><span class='ocrx_word' id='word_1_245' title='bbox 145 2621 280 2698; x_wconf 92' lang='lat' dir='ltr'><strong>tumque</strong></span> <span class='ocrx_word' id='word_1_246' title='bbox 314 2635 332 2675; x_wconf 92' lang='lat' dir='ltr'><strong>e</strong></span> <span class='ocrx_word' id='word_1_247' title='bbox 366 2614 456 2675; x_wconf 88' lang='lat' dir='ltr'><strong>curia</strong></span> <span class='ocrx_word' id='word_1_248' title='bbox 487 2613 519 2674; x_wconf 93' lang='lat' dir='ltr'><strong>in</strong></span> <span class='ocrx_word' id='word_1_249' title='bbox 551 2611 735 2675; x_wconf 85' lang='lat' dir='ltr'><strong>inferiorem</strong></span> <span class='ocrx_word' id='word_1_250' title='bbox 766 2623 894 2697; x_wconf 89' lang='lat' dir='ltr'><strong>partem</strong></span> <span class='ocrx_word' id='word_1_251' title='bbox 925 2633 985 2696; x_wconf 89' lang='lat' dir='ltr'><strong>per</strong></span> <span class='ocrx_word' id='word_1_252' title='bbox 1017 2611 1138 2696; x_wconf 88' lang='lat' dir='ltr'><strong>gradus</strong></span> <span class='ocrx_word' id='word_1_253' title='bbox 1162 2610 1276 2690; x_wconf 85' lang='lat' dir='ltr'><strong>deicit;</strong></span> 
     </span>
     <span class='ocr_line' id='line_1_30' title="bbox 110 2696 1278 2793; baseline -0.003 -32"><span class='ocrx_word' id='word_1_254' title='bbox 110 2697 222 2793; x_wconf 34' lang='lat' dir='ltr'><strong>&amp;inde</strong></span> <span class='ocrx_word' id='word_1_255' title='bbox 245 2698 286 2760; x_wconf 91' lang='lat' dir='ltr'><strong>ad</strong></span> <span class='ocrx_word' id='word_1_256' title='bbox 311 2698 496 2781; x_wconf 81' lang='lat' dir='ltr'><strong>cogendum</strong></span> <span class='ocrx_word' id='word_1_257' title='bbox 520 2706 668 2761; x_wconf 88' lang='lat' dir='ltr'><strong>senatum</strong></span> <span class='ocrx_word' id='word_1_258' title='bbox 690 2699 722 2760; x_wconf 91' lang='lat' dir='ltr'><strong>in</strong></span> <span class='ocrx_word' id='word_1_259' title='bbox 747 2700 867 2761; x_wconf 86' lang='lat' dir='ltr'><strong>curiam</strong></span> <span class='ocrx_word' id='word_1_260' title='bbox 895 2698 990 2762; x_wconf 87' lang='lat' dir='ltr'><strong>redit.</strong></span> <span class='ocrx_word' id='word_1_261' title='bbox 1022 2698 1058 2761; x_wconf 89' lang='lat' dir='ltr'><strong>fit</strong></span> <span class='ocrx_word' id='word_1_262' title='bbox 1088 2697 1166 2780; x_wconf 85' lang='lat' dir='ltr'><strong>fuga</strong></span> <span class='ocrx_word' id='word_1_263' title='bbox 1187 2696 1278 2778; x_wconf 83' lang='lat' dir='ltr'><strong>regis</strong></span> 
     </span>
     <span class='ocr_line' id='line_1_31' title="bbox 146 2781 1277 2869; baseline -0.003 -23"><span class='ocrx_word' id='word_1_264' title='bbox 146 2785 369 2868; x_wconf 84' lang='lat' dir='ltr'><strong>apparitorum</strong></span> <span class='ocrx_word' id='word_1_265' title='bbox 392 2794 492 2865; x_wconf 89' lang='lat' dir='ltr'><strong>atque</strong></span> <span class='ocrx_word' id='word_1_266' title='bbox 516 2784 683 2864; x_wconf 88' lang='lat' dir='ltr'><strong>comitum;</strong></span> <span class='ocrx_word' id='word_1_267' title='bbox 716 2785 785 2868; x_wconf 90' lang='lat' dir='ltr'><strong>ipse</strong></span> <span class='ocrx_word' id='word_1_268' title='bbox 817 2805 921 2869; x_wconf 86' lang='lat' dir='ltr'><strong>prope</strong></span> <span class='ocrx_word' id='word_1_269' title='bbox 953 2784 1126 2866; x_wconf 86' lang='lat' dir='ltr'><strong>exsanguis</strong></span> <span class='ocrx_word' id='word_1_270' title='bbox 1158 2781 1200 2845; x_wconf 90' lang='lat' dir='ltr'><strong>ab</strong></span> <span class='ocrx_word' id='word_1_271' title='bbox 1224 2782 1277 2860; x_wconf 79' lang='lat' dir='ltr'><strong>iis,</strong></span> 
     </span>
     <span class='ocr_line' id='line_1_32' title="bbox 168 2868 1274 2953; baseline -0.003 -21"><span class='ocrx_word' id='word_1_272' title='bbox 168 2871 201 2931; x_wconf 92' lang='lat' dir='ltr'><strong>ui</strong></span> <span class='ocrx_word' id='word_1_273' title='bbox 234 2870 325 2932; x_wconf 91' lang='lat' dir='ltr'><strong>missi</strong></span> <span class='ocrx_word' id='word_1_274' title='bbox 356 2869 398 2931; x_wconf 85' lang='lat' dir='ltr'><strong>ab</strong></span> <span class='ocrx_word' id='word_1_275' title='bbox 431 2869 607 2953; x_wconf 86' lang='lat' dir='ltr'><strong>Tarquinio</strong></span> <span class='ocrx_word' id='word_1_276' title='bbox 640 2869 819 2952; x_wconf 80' lang='lat' dir='ltr'><strong>fugientem</strong></span> <span class='ocrx_word' id='word_1_277' title='bbox 850 2871 1016 2933; x_wconf 88' lang='lat' dir='ltr'><strong>consecuti</strong></span> <span class='ocrx_word' id='word_1_278' title='bbox 1044 2878 1145 2948; x_wconf 86' lang='lat' dir='ltr'><strong>erant,</strong></span> <span class='ocrx_word' id='word_1_279' title='bbox 1176 2868 1274 2931; x_wconf 87' lang='lat' dir='ltr'><strong>inter·</strong></span> 
     </span>
     <span class='ocr_line' id='line_1_33' title="bbox 108 2892 1277 3039; baseline 0.003 -27"><span class='ocrx_word' id='word_1_280' title='bbox 108 2892 261 3019; x_wconf 68' lang='lat' dir='ltr'><strong>adcitur⁸</strong></span> <span class='ocrx_word' id='word_1_281' title='bbox 287 2955 442 3034; x_wconf 84' lang='lat' dir='ltr'><strong>creditur,</strong></span> <span class='ocrx_word' id='word_1_282' title='bbox 475 2956 551 3039; x_wconf 89' lang='lat' dir='ltr'><strong>quia</strong></span> <span class='ocrx_word' id='word_1_283' title='bbox 582 2977 645 3018; x_wconf 92' lang='lat' dir='ltr'><strong>non</strong></span> <span class='ocrx_word' id='word_1_284' title='bbox 678 2954 832 3019; x_wconf 87' lang='lat' dir='ltr'><strong>abhorret</strong></span> <span class='ocrx_word' id='word_1_285' title='bbox 859 2978 879 3019; x_wconf 98' lang='lat' dir='ltr'><strong>a</strong></span> <span class='ocrx_word' id='word_1_286' title='bbox 910 2964 1020 3019; x_wconf 89' lang='lat' dir='ltr'><strong>cetero</strong></span> <span class='ocrx_word' id='word_1_287' title='bbox 1052 2953 1185 3035; x_wconf 81' lang='lat' dir='ltr'><strong>scelere,</strong></span> <span class='ocrx_word' id='word_1_288' title='bbox 1220 2952 1277 3015; x_wconf 85' lang='lat' dir='ltr'><strong>ad·</strong></span> 
     </span>
     <span class='ocr_line' id='line_1_34' title="bbox 145 3036 1278 3126; baseline -0.002 -22"><span class='ocrx_word' id='word_1_289' title='bbox 145 3036 272 3104; x_wconf 84' lang='lat' dir='ltr'><strong>monitu</strong></span> <span class='ocrx_word' id='word_1_290' title='bbox 294 3038 420 3104; x_wconf 89' lang='lat' dir='ltr'><strong>Tulliae</strong></span> <span class='ocrx_word' id='word_1_291' title='bbox 451 3040 484 3103; x_wconf 93' lang='lat' dir='ltr'><strong>id</strong></span> <span class='ocrx_word' id='word_1_292' title='bbox 516 3039 650 3104; x_wconf 83' lang='lat' dir='ltr'><strong>sactum.</strong></span> <span class='ocrx_word' id='word_1_293' title='bbox 689 3051 841 3126; x_wconf 85' lang='lat' dir='ltr'><strong>carpento</strong></span> <span class='ocrx_word' id='word_1_294' title='bbox 876 3051 975 3121; x_wconf 79' lang='lat' dir='ltr'><strong>certe,</strong></span> <span class='ocrx_word' id='word_1_295' title='bbox 1009 3040 1041 3103; x_wconf 90' lang='lat' dir='ltr'><strong>id</strong></span> <span class='ocrx_word' id='word_1_296' title='bbox 1077 3039 1165 3125; x_wconf 93' lang='lat' dir='ltr'><strong>quod</strong></span> <span class='ocrx_word' id='word_1_297' title='bbox 1196 3038 1278 3102; x_wconf 84' lang='lat' dir='ltr'><strong>satis</strong></span> 
     </span>
     <span class='ocr_line' id='line_1_35' title="bbox 144 3127 1277 3206; baseline -0.004 -14"><span class='ocrx_word' id='word_1_298' title='bbox 144 3136 283 3206; x_wconf 86' lang='lat' dir='ltr'><strong>constat,</strong></span> <span class='ocrx_word' id='word_1_299' title='bbox 306 3129 339 3190; x_wconf 92' lang='lat' dir='ltr'><strong>in</strong></span> <span class='ocrx_word' id='word_1_300' title='bbox 362 3127 468 3191; x_wconf 88' lang='lat' dir='ltr'><strong>forum</strong></span> <span class='ocrx_word' id='word_1_301' title='bbox 491 3127 619 3190; x_wconf 86' lang='lat' dir='ltr'><strong>invecta</strong></span> <span class='ocrx_word' id='word_1_302' title='bbox 641 3149 701 3190; x_wconf 88' lang='lat' dir='ltr'><strong>nco</strong></span> <span class='ocrx_word' id='word_1_303' title='bbox 723 3129 864 3191; x_wconf 76' lang='lat' dir='ltr'><strong>reverita</strong></span> <span class='ocrx_word' id='word_1_304' title='bbox 880 3137 1009 3191; x_wconf 90' lang='lat' dir='ltr'><strong>coetum</strong></span> <span class='ocrx_word' id='word_1_305' title='bbox 1030 3127 1176 3191; x_wconf 89' lang='lat' dir='ltr'><strong>virorum</strong></span> <span class='ocrx_word' id='word_1_306' title='bbox 1198 3146 1277 3189; x_wconf 90' lang='lat' dir='ltr'><strong>evo·</strong></span> 
     </span>
     <span class='ocr_line' id='line_1_36' title="bbox 108 3210 1277 3298; baseline -0.002 -24"><span class='ocrx_word' id='word_1_307' title='bbox 108 3215 232 3278; x_wconf 82' lang='lat' dir='ltr'><strong>ocavit</strong></span> <span class='ocrx_word' id='word_1_308' title='bbox 263 3215 368 3278; x_wconf 90' lang='lat' dir='ltr'><strong>virum</strong></span> <span class='ocrx_word' id='word_1_309' title='bbox 403 3235 421 3277; x_wconf 88' lang='lat' dir='ltr'><strong>c</strong></span> <span class='ocrx_word' id='word_1_310' title='bbox 454 3214 544 3275; x_wconf 89' lang='lat' dir='ltr'><strong>curia</strong></span> <span class='ocrx_word' id='word_1_311' title='bbox 577 3235 754 3297; x_wconf 82' lang='lat' dir='ltr'><strong>regemque</strong></span> <span class='ocrx_word' id='word_1_312' title='bbox 784 3214 889 3298; x_wconf 89' lang='lat' dir='ltr'><strong>prima</strong></span> <span class='ocrx_word' id='word_1_313' title='bbox 922 3210 1108 3298; x_wconf 88' lang='lat' dir='ltr'><strong>appellavit.</strong></span> <span class='ocrx_word' id='word_1_314' title='bbox 1153 3232 1173 3273; x_wconf 90' lang='lat' dir='ltr'><strong>a</strong></span> <span class='ocrx_word' id='word_1_315' title='bbox 1208 3230 1277 3296; x_wconf 92' lang='lat' dir='ltr'><strong>quo</strong></span> 
     </span>
     <span class='ocr_line' id='line_1_37' title="bbox 143 3297 1278 3382; baseline -0.003 -20"><span class='ocrx_word' id='word_1_316' title='bbox 143 3299 307 3364; x_wconf 84' lang='lat' dir='ltr'><strong>facessere</strong></span> <span class='ocrx_word' id='word_1_317' title='bbox 330 3301 418 3363; x_wconf 90' lang='lat' dir='ltr'><strong>iussa</strong></span> <span class='ocrx_word' id='word_1_318' title='bbox 453 3320 495 3361; x_wconf 89' lang='lat' dir='ltr'><strong>ex</strong></span> <span class='ocrx_word' id='word_1_319' title='bbox 518 3307 607 3362; x_wconf 88' lang='lat' dir='ltr'><strong>tanto</strong></span> <span class='ocrx_word' id='word_1_320' title='bbox 631 3297 772 3362; x_wconf 89' lang='lat' dir='ltr'><strong>tumultu</strong></span> <span class='ocrx_word' id='word_1_321' title='bbox 803 3321 875 3363; x_wconf 91' lang='lat' dir='ltr'><strong>cum</strong></span> <span class='ocrx_word' id='word_1_322' title='bbox 900 3321 934 3363; x_wconf 89' lang='lat' dir='ltr'><strong>se</strong></span> <span class='ocrx_word' id='word_1_323' title='bbox 959 3300 1089 3362; x_wconf 91' lang='lat' dir='ltr'><strong>domum</strong></span> <span class='ocrx_word' id='word_1_324' title='bbox 1113 3297 1278 3382; x_wconf 86' lang='lat' dir='ltr'><strong>reciperet</strong></span> 
     </span>
     <span class='ocr_line' id='line_1_38' title="bbox 142 3382 1276 3471; baseline -0.004 -22"><span class='ocrx_word' id='word_1_325' title='bbox 142 3387 413 3471; x_wconf 90' lang='lat' dir='ltr'><strong>pervenissetque</strong></span> <span class='ocrx_word' id='word_1_326' title='bbox 439 3384 481 3448; x_wconf 89' lang='lat' dir='ltr'><strong>ad</strong></span> <span class='ocrx_word' id='word_1_327' title='bbox 505 3406 666 3448; x_wconf 90' lang='lat' dir='ltr'><strong>summum</strong></span> <span class='ocrx_word' id='word_1_328' title='bbox 692 3384 848 3469; x_wconf 85' lang='lat' dir='ltr'><strong>Cyprium</strong></span> <span class='ocrx_word' id='word_1_329' title='bbox 882 3386 1001 3463; x_wconf 84' lang='lat' dir='ltr'><strong>vicum,</strong></span> <span class='ocrx_word' id='word_1_330' title='bbox 1033 3383 1090 3447; x_wconf 93' lang='lat' dir='ltr'><strong>ubi</strong></span> <span class='ocrx_word' id='word_1_331' title='bbox 1118 3382 1276 3446; x_wconf 86' lang='lat' dir='ltr'><strong>Dianium</strong></span> 
     </span>
     <span class='ocr_line' id='line_1_39' title="bbox 142 3467 1274 3558; baseline -0.004 -23"><span class='ocrx_word' id='word_1_332' title='bbox 142 3494 247 3557; x_wconf 90' lang='lat' dir='ltr'><strong>nuper</strong></span> <span class='ocrx_word' id='word_1_333' title='bbox 276 3471 346 3550; x_wconf 87' lang='lat' dir='ltr'><strong>suit,</strong></span> <span class='ocrx_word' id='word_1_334' title='bbox 381 3470 524 3533; x_wconf 83' lang='lat' dir='ltr'><strong>flectenti</strong></span> <span class='ocrx_word' id='word_1_335' title='bbox 557 3482 744 3554; x_wconf 85' lang='lat' dir='ltr'><strong>carpentum</strong></span> <span class='ocrx_word' id='word_1_336' title='bbox 772 3470 895 3558; x_wconf 77' lang='lat' dir='ltr'><strong>¹deutra</strong></span> <span class='ocrx_word' id='word_1_337' title='bbox 926 3472 959 3533; x_wconf 91' lang='lat' dir='ltr'><strong>in</strong></span> <span class='ocrx_word' id='word_1_338' title='bbox 980 3469 1120 3534; x_wconf 86' lang='lat' dir='ltr'><strong>Urbium</strong></span> <span class='ocrx_word' id='word_1_339' title='bbox 1144 3467 1274 3548; x_wconf 83' lang='lat' dir='ltr'><strong>clivum,</strong></span> 
     </span>
     <span class='ocr_line' id='line_1_40' title="bbox 142 3555 1276 3641; baseline -0.004 -20"><span class='ocrx_word' id='word_1_340' title='bbox 142 3558 232 3621; x_wconf 91' lang='lat' dir='ltr'><strong>utin</strong></span> <span class='ocrx_word' id='word_1_341' title='bbox 256 3555 371 3620; x_wconf 90' lang='lat' dir='ltr'><strong>collem</strong></span> <span class='ocrx_word' id='word_1_342' title='bbox 395 3556 615 3641; x_wconf 86' lang='lat' dir='ltr'><strong>Esquiliarum</strong></span> <span class='ocrx_word' id='word_1_343' title='bbox 639 3557 844 3636; x_wconf 77' lang='lat' dir='ltr'><strong>eveheretur,</strong></span> <span class='ocrx_word' id='word_1_344' title='bbox 875 3557 993 3620; x_wconf 86' lang='lat' dir='ltr'><strong>restitit</strong></span> <span class='ocrx_word' id='word_1_345' title='bbox 1014 3555 1153 3639; x_wconf 85' lang='lat' dir='ltr'><strong>pavidus</strong></span> <span class='ocrx_word' id='word_1_346' title='bbox 1175 3563 1276 3639; x_wconf 88' lang='lat' dir='ltr'><strong>atque</strong></span> 
     </span>
     <span class='ocr_line' id='line_1_41' title="bbox 106 3640 1275 3727; baseline 0 -22"><span class='ocrx_word' id='word_1_347' title='bbox 106 3688 110 3695; x_wconf 80' lang='lat'><em>,</em></span> <span class='ocrx_word' id='word_1_348' title='bbox 141 3642 281 3706; x_wconf 90' lang='lat' dir='ltr'><strong>inhibuit</strong></span> <span class='ocrx_word' id='word_1_349' title='bbox 296 3643 405 3706; x_wconf 87' lang='lat' dir='ltr'><strong>frenos</strong></span> <span class='ocrx_word' id='word_1_350' title='bbox 422 3644 458 3720; x_wconf 85' lang='lat' dir='ltr'><strong>is,</strong></span> <span class='ocrx_word' id='word_1_351' title='bbox 483 3643 539 3726; x_wconf 93' lang='lat' dir='ltr'><strong>qui</strong></span> <span class='ocrx_word' id='word_1_352' title='bbox 558 3643 702 3705; x_wconf 90' lang='lat' dir='ltr'><strong>iumenta</strong></span> <span class='ocrx_word' id='word_1_353' title='bbox 717 3641 846 3724; x_wconf 85' lang='lat' dir='ltr'><strong>agebat,</strong></span> <span class='ocrx_word' id='word_1_354' title='bbox 870 3645 1100 3727; x_wconf 87' lang='lat' dir='ltr'><strong>iacentemque</strong></span> <span class='ocrx_word' id='word_1_355' title='bbox 1124 3640 1275 3705; x_wconf 86' lang='lat' dir='ltr'><strong>dominae</strong></span> 
     </span>
     <span class='ocr_line' id='line_1_42' title="bbox 95 3698 1276 3812; baseline -0.002 -20"><span class='ocrx_word' id='word_1_356' title='bbox 95 3698 294 3793; x_wconf 61' lang='lat' dir='ltr'><strong>&#39;h‘Servinm</strong></span> <span class='ocrx_word' id='word_1_357' title='bbox 328 3728 523 3792; x_wconf 85' lang='lat' dir='ltr'><strong>trucidatum</strong></span> <span class='ocrx_word' id='word_1_358' title='bbox 554 3728 703 3791; x_wconf 86' lang='lat' dir='ltr'><strong>ostendit.</strong></span> <span class='ocrx_word' id='word_1_359' title='bbox 737 3727 868 3792; x_wconf 81' lang='lat' dir='ltr'><strong>foedum</strong></span> <span class='ocrx_word' id='word_1_360' title='bbox 900 3727 1177 3812; x_wconf 88' lang='lat' dir='ltr'><strong>inhumanumque</strong></span> <span class='ocrx_word' id='word_1_361' title='bbox 1199 3725 1276 3790; x_wconf 88' lang='lat' dir='ltr'><strong>inde</strong></span> 
     </span>
     <span class='ocr_line' id='line_1_43' title="bbox 141 3812 1276 3893; baseline 0.002 -20"><span class='ocrx_word' id='word_1_362' title='bbox 141 3814 282 3878; x_wconf 87' lang='lat' dir='ltr'><strong>traditur</strong></span> <span class='ocrx_word' id='word_1_363' title='bbox 304 3812 421 3880; x_wconf 84' lang='lat' dir='ltr'><strong>scelus.</strong></span> <span class='ocrx_word' id='word_1_364' title='bbox 450 3821 725 3893; x_wconf 88' lang='lat' dir='ltr'><strong>monumentoque</strong></span> <span class='ocrx_word' id='word_1_365' title='bbox 747 3813 837 3878; x_wconf 91' lang='lat' dir='ltr'><strong>locus</strong></span> <span class='ocrx_word' id='word_1_366' title='bbox 860 3824 918 3879; x_wconf 92' lang='lat' dir='ltr'><strong>est.</strong></span> <span class='ocrx_word' id='word_1_367' title='bbox 943 3813 1144 3878; x_wconf 83' lang='lat' dir='ltr'><strong>Sceleratum</strong></span> <span class='ocrx_word' id='word_1_368' title='bbox 1166 3812 1276 3876; x_wconf 86' lang='lat' dir='ltr'><strong>vicum</strong></span> 
     </span>
    </p>
   </div>
   <div class='ocr_carea' id='block_1_3' title="bbox 0 0 1374 4146">
    <p class='ocr_par' dir='ltr' id='par_1_3' title="bbox 0 0 1374 4146">
     <span class='ocr_line' id='line_1_44' title="bbox 0 0 1374 4146; baseline 0 0"><span class='ocrx_word' id='word_1_369' title='bbox 0 0 1374 4146; x_wconf 95' lang='lat' dir='ltr'><strong> </strong></span> 
     </span>
    </p>
   </div>
  </div>
 </body>
</html>
