2738 4146
354 157 463 208 nisan
479 157 563 206 xxn.
583 155 658 207 cir.
675 157 716 205 cr.
735 159 776 206 cc.
798 154 831 222 [a.
849 155 883 208 u,
900 171 922 206 a
941 155 1011 224 cael.
1204 140 1265 197 201

86 334 208 398 clamor
229 331 475 397 lamentantium
498 330 680 411 mulierum,
704 338 737 393 et
758 329 901 393 nondum
924 327 1032 415 palam
1047 329 1133 393 facto
1148 328 1215 391 vivi

83 421 272 506 mortuique
304 441 366 506 per
396 440 508 482 omnes
539 439 644 502 paene
677 417 791 481 domos
828 420 1013 502 promiscue
1045 414 1214 502 conplora-

87 519 221 589 rentur,⁴
241 516 311 572 tum
335 503 375 585 Q.
399 503 521 569 Fabius
543 504 706 567 Maximus
738 505 864 567 censuit
895 504 1021 589 equites
1045 501 1250 587 expeditose

86 605 118 660 et
139 593 253 680 Appia
275 602 308 656 et
330 592 448 656 Latina
471 592 524 653 via
545 591 730 671 mittendos,
758 591 813 675 qui
836 589 949 654 obvios
972 589 1215 674 percunctando

88 716 126 727 —-
156 682 287 765 aliquos
320 677 467 763 profecto
507 699 549 740 ex
585 677 662 760 fuga
699 677 819 761 passim
857 677 1030 762 dissipatos
1066 677 1136 742 fore
1173 709 1217 720 -

85 768 240 842 reserant,
274 787 358 854 quae
388 765 520 828 fortuna
550 763 719 827 consulum
742 771 840 847 atque
873 764 1073 827 exercituum
1098 764 1149 836 sit,
1174 772 1215 836 et,

87 853 214 940 siquid
246 852 279 916 di
310 849 519 928 immortales,
551 850 686 914 miseriti
717 850 854 933 imperii,
886 849 1047 935 reliquum
1080 849 1252 916 Romanio

85 942 227 1005 nominis
249 939 395 1021 fecerint,
418 935 475 1002 ubi
498 957 556 1001 eae
579 937 693 1022 copiae
715 937 792 1014 sint3
817 957 881 1021 quc
905 959 940 1000 se
964 935 1127 1000 Hannibal
1142 946 1217 1021 post

86 1025 250 1114 proelium
273 1023 455 1104 contulerit,
487 1022 566 1108 quid
589 1031 693 1109 paret,
726 1022 803 1108 quid
836 1032 913 1105 agat
943 1033 1141 1109 acturusque
1164 1025 1214 1088 sit.

88 1114 168 1178 haec
201 1110 404 1198 exploranda
434 1108 663 1195 noscendaque
694 1131 755 1194 per
785 1109 929 1193 inpigros
961 1111 1095 1174 iuvenes
1129 1115 1251 1174 esse:⁶

89 1198 167 1265 illud
201 1220 263 1285 per
299 1207 410 1283 patres
447 1196 536 1281 ipsos
567 1195 740 1278 agendum,
779 1197 931 1282 quoniam
969 1198 1213 1280 magistratuum

87 1308 202 1371 parum
237 1285 288 1368 sit,
320 1292 358 1348 ut
387 1281 562 1347 tumultum
594 1303 632 1345 ac
658 1281 910 1367 trepidationem
932 1282 964 1345 in
987 1283 1069 1348 urbe
1092 1283 1214 1365 tollant,

89 1382 252 1436 matronas
275 1369 406 1456 publico
429 1377 561 1432 arceant
583 1368 807 1452 continerique
829 1369 914 1432 intra
937 1391 1031 1434 suum
1052 1391 1215 1456 quamque

88 1457 185 1523 limen
213 1466 340 1540 cogant,
376 1452 584 1540 conploratus
614 1453 809 1517 familiarum
841 1465 1023 1536 coerceant,
1054 1455 1250 1521 silentium?

88 1567 146 1630 per
183 1542 300 1608 urbem
331 1541 460 1622 faciant,
498 1541 626 1605 nuutios
657 1562 767 1604 rerum
799 1543 942 1605 omnium
974 1543 1016 1606 ad
1047 1552 1215 1628 praetores

89 1629 299 1696 deducendos
330 1635 452 1704 curent,
486 1648 565 1692 suae
598 1627 736 1712 quisque
766 1626 915 1691 fortunae
938 1628 1026 1692 domi
1049 1639 1214 1694 auctorem

88 1724 271 1802 expectent,
310 1714 527 1800 custodesque
563 1722 733 1798 praeterea
769 1713 809 1775 ad
848 1724 958 1799 portas
991 1726 1121 1801 ponant,
1161 1719 1252 1800 quis

87 1801 283 1888 prohibeant
327 1822 522 1887 quemquam
568 1799 680 1883 egredi
716 1798 808 1880 urbe,
847 1811 1030 1887 cogantque
1068 1801 1215 1866 homines

87 1888 208 1953 nullam
230 1888 293 1951 nisi
314 1886 396 1952 urbe
420 1908 458 1949 ac
482 1884 653 1949 moenibus
676 1884 774 1950 salvis
808 1886 946 1952 salutem
979 1911 1120 1974 sperare.
1160 1888 1216 1952 ubi

88 1976 281 2041 conticuerit
302 1982 391 2037 recte
413 1971 580 2050 tumultus,
604 1980 673 2035 tum
695 1973 728 2035 in
746 1973 870 2038 curiam
886 1985 996 2059 patres
1011 1974 1216 2042 revocandos

87 2060 387 2146 consulendumque
411 2058 452 2122 de
475 2057 564 2122 urbis
587 2057 735 2121 custodia
757 2080 838 2122 esse.

189 2146 277 2212 LVI.
301 2144 385 2211 Cum
407 2146 439 2208 in
461 2144 547 2208 hanc
568 2145 761 2209 sententiam
794 2145 933 2229 pedibus
966 2169 1078 2211 omnes
1106 2149 1215 2228 issent,
1237 2161 1248 2207 1

87 2232 304 2319 submotaque
326 2231 397 2296 foro
421 2253 481 2316 per
513 2231 721 2314 magistratus
753 2232 850 2295 turba
880 2242 991 2318 patres
1022 2235 1142 2298 diversi
1174 2232 1216 2298 ad

87 2319 248 2384 sedandos
279 2316 435 2383 tumultus
466 2317 699 2400 discessissent,
730 2327 799 2381 tum
823 2318 954 2381 demum
986 2318 1112 2384 litterae
1136 2342 1156 2384 a
1179 2319 1214 2384 Ο.

86 2405 238 2470 Terentio
262 2403 396 2469 consule
418 2402 536 2468 allatae
559 2412 648 2467 sunt:
670 2402 710 2467 L.
732 2403 908 2467 Aemilium
932 2404 1099 2469 consulem
1123 2419 1251 2469 exer-2

86 2493 253 2576 citumque
276 2510 422 2572 caesum3
455 2512 527 2554 sese
551 2488 683 2554 Canusii
706 2511 777 2554 esse
800 2489 954 2575 reliquias
978 2499 1088 2555 tantae
1111 2492 1214 2556 cladis

86 2576 175 2643 velut
207 2599 251 2642 ex
279 2576 448 2660 naufragio
481 2574 702 2659 colligentem
739 2576 780 2638 ad
798 2576 928 2657 ⁴decem
959 2574 1047 2641 milia
1078 2577 1215 2642 militum

84 2664 187 2730 ferme
198 2684 270 2728 esse
284 2662 574 2747 incompositorum
586 2661 924 2749 inordinatorumque;
940 2662 1086 2728 Poenum
1099 2666 1216 2729 sedere
1235 2679 1250 2727 ³

85 2750 126 2814 ad
143 2749 272 2814 Cannas
294 2750 327 2812 in
351 2749 554 2833 captivorum
576 2749 689 2832 pretiis
712 2749 900 2835 praedaque
915 2747 980 2812 alia
1001 2772 1062 2815 nec
1084 2753 1216 2817 victoris

84 2837 191 2900 animo
214 2857 276 2900 nec
304 2837 415 2918 magni
446 2834 538 2898 ducis
568 2856 659 2898 more
689 2835 931 2900 nundinantem.
968 2846 1037 2900 tum
1069 2840 1252 2924 privatae4

85 2944 218 3010 qnoque
248 2943 309 3007 per
340 2922 454 2986 domos
485 2919 595 2985 clades
626 2919 779 3005 vulgatae
811 2931 895 3005 sunt,
932 2923 1082 3009 adeoque
1114 2936 1216 2989 totam

83 3008 201 3074 urbem
233 3004 380 3094 opplevit
409 3007 526 3086 luctus,
562 3018 598 3071 ut
634 3029 762 3071 sacrum
796 3010 1054 3073 anniversarium
1086 3009 1215 3076 Cereris

83 3095 307 3160 intermissum
329 3095 380 3174 sit,
413 3095 489 3180 quia
511 3115 572 3157 nec
595 3092 780 3177 lugentibus
803 3093 836 3156 id
858 3094 966 3160 facere
990 3106 1040 3160 est
1061 3096 1120 3177 fas,
1152 3119 1214 3160 neo

82 3179 150 3246 ulla
171 3182 205 3244 in
227 3177 284 3243 illa
304 3189 499 3264 tempestate
522 3189 671 3244 matrona
694 3202 813 3265 expers
837 3179 943 3244 luctus
965 3181 1081 3245 fuerat.
1105 3184 1214 3268 itaque
1235 3200 1251 3247 c

83 3290 124 3332 ne
148 3265 191 3332 ob
214 3266 353 3331 eandem
369 3285 500 3329 cansam
516 3265 578 3353 alia
602 3288 733 3353 quoquc
749 3288 841 3329 sacra
863 3266 995 3351 publica
1010 3278 1066 3331 aut
1087 3269 1216 3352 privata

83 3354 324 3434 desererentur,
362 3362 493 3416 senatus
525 3351 671 3416 consulto
705 3352 821 3415 diebus
852 3353 985 3436 triginta
1020 3352 1126 3418 luctus
1165 3365 1215 3419 est

83 3440 202 3504 finitus.
219 3448 364 3504 ceterum
379 3460 454 3502 cum
477 3439 589 3502 sedato
606 3438 696 3502 urbis
711 3437 853 3501 tumultu
876 3440 1022 3503 revocati
1036 3442 1068 3502 in
1092 3441 1213 3504 curiam
1235 3458 1250 3506 c

82 3533 192 3611 patres
216 3533 334 3605 essent,
363 3523 445 3588 aliae
468 3526 602 3609 insuper
633 3547 675 3588 ex
697 3523 807 3588 Sicilia
837 3524 966 3589 litterae
999 3525 1117 3589 allatae
1140 3539 1215 3591 sunt

84 3611 125 3676 ab
148 3611 187 3675 Τ.
212 3608 351 3676 Otacilio
376 3620 604 3695 propraetore:
628 3633 763 3693 regnum
787 3611 941 3676 Hieronis
965 3609 1067 3675 classe
1089 3611 1214 3677 Punica
1234 3631 1249 3679 7

83 3698 217 3779 vastari3
252 3697 401 3762 cuicum
428 3718 525 3782 opem
547 3695 733 3781 imploranti
766 3696 852 3760 ferre
884 3696 994 3776 vellet,
1030 3698 1212 3763 nuntiatum

84 3784 143 3850 sibi
165 3805 239 3849 esse
262 3782 358 3848 aliam
390 3783 527 3847 classem
558 3783 600 3846 ad
623 3784 765 3867 Aegates
797 3781 919 3846 insulas
951 3792 1037 3848 stare
1065 3797 1213 3869 paratam

82 3871 348 3955 instructamque,
371 3879 415 3952 ut,
440 3869 496 3933 ubi
519 3891 555 3935 se
577 3891 711 3936 versum
733 3869 777 3934 ad
797 3869 959 3935 tuendam
974 3869 1264 3952 bqracusauams
