2738 4146
91 141 132 196 94
336 151 445 199 LIBER
461 151 496 200 11.
516 150 591 200 cAP.
610 152 651 201 47.
670 153 711 201 48.
732 149 763 217 [a.
782 151 814 201 U.
834 166 856 200 c.
874 152 1030 218 ata—2751.

140 321 310 401 inbiberat,
326 320 553 385 reconciliandi
569 323 690 385 animos
700 320 816 405 plebis,
832 325 957 386 saucios
970 322 1087 388 milites
1098 328 1271 392 curandos

142 407 258 471 dividit
278 407 435 491 patribus.
468 406 578 470 Fabiis
601 407 732 491 plurimi
765 408 832 469 dati
854 430 914 472 nec
938 407 1014 471 alibi
1036 412 1162 475 maiore
1188 434 1272 477 cura

140 492 252 556 habiti.
275 492 350 557 inde
377 491 550 576 populares
571 494 634 555 iam
658 515 729 556 esse
751 492 845 556 Fabii
866 515 927 558 nec
950 494 1012 558 hoc
1043 494 1111 559 ulla
1144 519 1183 561 re
1206 501 1272 564 nisi

140 578 262 641 salubri
283 579 330 640 rei
376 577 503 641 ublicae
525 587 603 642 arte.

98 680 112 726 1
240 601 395 726 XLVIlI.
419 663 522 744 Igitur
542 684 606 726 non
625 672 754 747 patrum
776 664 878 746 magis
902 685 999 749 quam
1018 663 1126 748 plebis
1149 668 1270 734 studiis

139 748 242 814 Caeso
266 748 387 812 Fabius
418 771 491 812 cum
514 749 551 812 Τ.
583 749 738 831 Verginio
771 748 881 812 consul
912 751 1015 813 factus
1045 773 1154 836 neque
1188 753 1271 818 belli

138 857 244 918 neque
279 833 415 899 dilectus
445 856 552 918 neque
578 833 677 897 ullam
708 832 803 897 aliam
835 836 978 918 priorem
1009 857 1121 900 curam
1153 860 1267 924 agere,

139 942 236 1005 quam
258 929 294 983 ut
315 921 380 984 iam
395 919 504 1004 aliqua
528 928 677 1004 exparte
692 919 846 983 incohata
861 921 1056 985 concordiae
1072 945 1131 1006 spe
1155 927 1265 1003 primo

139 1027 268 1090 quoque
298 1014 447 1088 tempore
479 1028 551 1068 oum
582 1005 730 1090 patribus
761 1004 982 1069 coalescerent
1015 1008 1113 1070 animi
1144 1009 1265 1094 plebis.

97 1107 112 1152 a
137 1092 246 1176 itaque
267 1091 425 1175 principio
449 1091 522 1153 anni
545 1092 678 1171 censuit,
706 1092 894 1175 priusquam
918 1093 1089 1176 quisquam
1113 1099 1266 1176 agrariae

137 1176 216 1259 legis
239 1186 350 1240 auctor
372 1176 521 1239 tribunus
545 1178 707 1259 existeret,
731 1186 926 1259 occuparent
949 1187 1058 1260 patres
1081 1179 1145 1263 ipsi
1169 1204 1266 1247 suum

136 1285 251 1325 munus
266 1263 382 1344 facere,
399 1262 561 1346 captivum
578 1284 691 1344 agrum
707 1261 794 1345 plebi
811 1284 907 1347 quam
923 1263 1064 1326 maxime
1081 1265 1265 1350 aequaliter

64 1357 66 1366 ²
138 1348 265 1411 darent:
288 1370 402 1412 verum
422 1369 492 1410 esse
507 1347 630 1411 babere
653 1369 718 1429 eos,
741 1369 878 1431 quorum
901 1350 1056 1430 sanguine
1079 1371 1117 1414 ac
1141 1353 1264 1417 sudore

96 1450 111 1496 3
136 1442 247 1516 partus
280 1435 329 1496 sit.
361 1435 523 1516 aspernati
556 1442 666 1518 patres
698 1443 787 1512 sunt3
827 1435 932 1517 questi
963 1455 1094 1519 quoque
1128 1438 1264 1519 quidam

135 1519 236 1581 nimia
257 1517 362 1598 gloria
378 1518 539 1582 luxuriare
556 1528 589 1582 ct
612 1540 808 1582 evanescere
823 1518 966 1581 vividum
992 1519 1157 1603 quondam
1182 1522 1264 1587 illud

137 1603 291 1668 Caesonis
314 1605 489 1687 ingenium.
512 1603 620 1667 nullae
653 1604 770 1666 deinde
803 1603 946 1667 urbanae
969 1604 1126 1670 factiones
1158 1607 1261 1673 fuere.

99 1710 116 1754 4
136 1690 340 1753 vexabantur·
362 1690 598 1754 incursionibus
614 1691 802 1772 Aequorum
826 1690 944 1752 Latini.
969 1711 1006 1753 eo
1023 1712 1096 1753 cum
1114 1697 1263 1759 exercitu

139 1774 242 1839 Caeso
266 1777 382 1839 missus
412 1777 445 1838 in
467 1779 611 1859 ipsorum
635 1775 822 1859 Aequorum
845 1797 959 1857 agrum
991 1775 1259 1861 depopulandum

136 1863 256 1924 transit.
280 1860 388 1944 Aequi
403 1883 438 1926 se
453 1862 487 1924 in
510 1862 631 1946 oppida
645 1870 839 1945 receperunt
853 1862 1018 1945 murisque
1033 1883 1069 1924 se
1092 1864 1257 1929 tenebant.

135 1967 172 2010 eo
195 1946 285 2010 nulla
306 1968 415 2030 pugna
436 1946 655 2010 memorabilis
676 1946 745 2010 fuit.

91 2051 107 2098 6
236 2032 281 2095 At
302 2054 322 2093 a
345 2032 480 2095 Veiente
512 2031 606 2095 hoste
629 2031 737 2094 clades
760 2040 896 2113 accepta
918 2031 1101 2095 temeritate
1125 2031 1260 2101 alterius

134 2115 283 2195 consulis,
296 2126 468 2203 actumque
479 2117 672 2181 deexercitu
681 2117 773 2199 foret,
785 2117 818 2179 ni
825 2115 927 2180 Caeso
938 2115 1060 2178 Fabius
1071 2117 1260 2205 intempore

134 2201 276 2265 subsidio
299 2203 449 2266 venisset.
482 2225 525 2266 ex
547 2224 586 2267 00
608 2212 757 2287 tempore
778 2222 885 2286 neque
908 2223 974 2285 pax
1005 2223 1112 2287 neque
1136 2203 1260 2272 bellum·

93 2309 109 2358 6
134 2310 207 2351 cum
237 2287 429 2351 Veientibus
459 2288 533 2367 fuit3
570 2310 623 2352 res
656 2288 803 2372 proxime
835 2289 898 2350 iam
929 2287 1066 2350 formam
1097 2286 1259 2355 latrocinii

133 2383 280 2437 venerat:
297 2373 478 2457 legionibus
491 2374 643 2437 Romanis
661 2372 819 2437 cedebant
834 2374 867 2435 in
881 2372 1009 2453 urbem3
1026 2372 1083 2436 ubi
1100 2374 1257 2442 abductas

134 2470 300 2523 senserant
322 2459 477 2542 legiones,
501 2482 596 2542 agros
612 2457 819 2522 incursabant
834 2456 955 2521 bellum
971 2459 1089 2542 quiete,
1114 2463 1257 2545 quietem

133 2543 219 2608 bello
235 2547 267 2608 in
285 2547 389 2609 vicem
406 2545 584 2608 eludentes.
608 2547 653 2608 ita
667 2566 773 2629 neque
790 2544 893 2606 omitti
915 2552 983 2607 tota
998 2566 1050 2606 res
1065 2566 1127 2608 nec
1142 2547 1258 2630 perfici

133 2641 269 2713 poterat.
296 2640 329 2694 et
351 2630 414 2693 alia
428 2630 516 2694 bella
538 2641 593 2694 aut
615 2631 799 2714 praesentia
820 2628 993 2705 instabant,
1016 2637 1053 2692 ut
1075 2629 1116 2693 ab
1131 2633 1256 2719 Aequis

132 2715 336 2802 Volscisque,
359 2739 424 2780 non
442 2717 571 2799 diutius,
595 2738 692 2800 quam
707 2736 819 2778 reeens
844 2713 936 2776 dolor
958 2714 1129 2798 proximae
1154 2717 1256 2783 cladis

132 2802 293 2883 transiret,
327 2801 575 2884 quiescentibus,
609 2812 665 2862 aut
686 2823 764 2864 mox
790 2810 934 2863 moturos
970 2822 1041 2864 esse
1074 2804 1257 2887 apparebat

90 2895 105 2943 1
133 2885 269 2950 Sabinos
303 2908 432 2969 semper
466 2887 598 2949 infestos
621 2886 849 2969 Etruriamque
881 2907 1018 2949 omnem.
1052 2887 1110 2948 sed
1135 2887 1255 2954 Veiens

77 2986 80 2992 ’
132 2972 244 3053 hostis,
278 2971 432 3035 adsiduus
469 2973 571 3054 magis
606 2994 700 3056 quam
734 2973 854 3053 gravis,
893 2969 1093 3033 contumeliis
1125 2978 1255 3059 saepius

133 3079 229 3143 quam
245 3056 389 3140 periculo
413 3058 535 3120 animos
556 3057 709 3140 agitabat,
735 3056 822 3141 quod
845 3055 932 3118 nullo
956 3071 1102 3141 tempore
1125 3060 1256 3145 neglegi

91 3153 259 3228 apoterat
290 3152 345 3205 aut
375 3143 479 3205 averti
510 3141 571 3206 alio
603 3142 737 3205 sinebat.
770 3158 838 3205 tum
861 3141 963 3204 Fabia
994 3163 1074 3224 gens
1106 3156 1255 3210 senatum

131 3229 219 3293 adiit.
237 3228 349 3292 consul
365 3249 424 3312 pro
441 3239 536 3311 gente
551 3227 706 3312 loquitur:
733 3227 888 3310 „adsiduo
905 3229 1007 3309 magis
1024 3249 1120 3312 quam
1135 3252 1254 3314 magno

130 3315 303 3399 praesidio,
335 3325 371 3378 ut
394 3316 490 3395 scitis,
523 3323 630 3397 patres
654 3314 837 3397 conscripti,
870 3311 992 3375 bellum
1018 3312 1136 3377 Veiens
1170 3327 1253 3400 eget.

130 3422 189 3463 vos
207 3399 269 3462 alia
286 3398 371 3463 bella
388 3413 509 3481 curate,
525 3399 645 3461 Fabios
661 3397 771 3463 hostes
793 3397 978 3461 Veientibus
995 3397 1078 3462 date.
1103 3412 1254 3468 auctores

87 3499 104 3546 9
132 3508 241 3548 sumus
264 3494 367 3548 tutam
390 3484 436 3547 ibi
459 3486 659 3547 maiestatem
682 3484 818 3546 Romani
840 3484 978 3546 nominis
1000 3483 1081 3548 fore.
1106 3498 1254 3553 nostrum

130 3571 162 3633 id
186 3570 279 3634 nobis
301 3569 392 3633 velut
413 3569 572 3634 familiare
603 3568 725 3632 bellum
754 3570 880 3653 privato
913 3580 1042 3653 sumptu
1074 3593 1190 3653 gerere
1221 3577 1253 3638 in

129 3656 235 3720 animo
269 3666 331 3736 est;
363 3677 415 3718 res
442 3653 573 3739 publica
606 3664 639 3718 et
671 3653 771 3717 milite
803 3653 868 3718 illic
902 3663 935 3718 et
965 3657 1103 3738 pecunia
1125 3662 1250 3724 vacet.“

87 3758 119 3805 10
129 3742 252 3824 gratiae
283 3743 430 3824 ingentes
462 3751 562 3804 actae.
596 3739 708 3804 consul
736 3763 753 3804 e
777 3741 866 3803 ouria
897 3761 1046 3822 egressus
1078 3744 1253 3810 comitante

128 3826 305 3890 Fabiorum
321 3827 458 3909 agmine,
483 3827 537 3909 qui
551 3827 583 3888 in
606 3824 766 3888 vestibulo
790 3826 897 3888 curiae
914 3834 1044 3889 senatus
1069 3829 1251 3895 consultum
