2738 4146
95 149 155 204 176
346 182 349 188 -
390 160 496 208 ramur
514 159 598 207 xxu.
618 139 692 207 car.
711 159 751 207 aa.
770 159 811 206 aa.
832 155 864 222 [a.
883 157 915 206 rr.
933 172 955 206 e.
976 157 1045 225 ⁵3⁷1·

137 331 314 395 maximum
342 352 460 394 nomen
489 331 520 392 in
545 328 728 393 civitatibus
752 339 801 393 est
824 330 898 411 suiS,
923 338 955 392 et
977 327 1108 413 publice
1131 336 1258 422 populis

87 427 266 502 ingratum
301 418 370 479 erit.
397 415 468 480 vult
496 415 557 478 sibi
581 415 717 500 quisque
740 415 838 491 credi,
863 423 895 477 et
915 413 1028 486 habita
1050 415 1134 481 fides
1157 424 1257 508 ipsam

140 502 333 588 plerumque
356 501 479 584 obligat
500 500 607 565 fidem.
631 495 1131 566 ministeriumrestituendorum
1149 507 1259 573 domos

138 588 288 652 obsidum
323 587 470 650 mihimet
493 586 633 671 deposco
666 586 744 669 ipse,
775 597 812 649 ut
839 607 939 670 opera
966 607 1098 672 quoque
1125 593 1259 680 inpensa

139 673 305 738 consilium
322 674 472 737 adiuvem
488 695 606 752 meum,
623 680 655 733 et
669 672 716 734 rei
733 681 847 755 suapte
859 682 974 735 natura
983 686 1094 755 gratae
1107 690 1259 762 quantam

88 760 120 808 15
139 761 272 844 insuper·
286 759 422 842 gratiam
435 759 555 841 possim
569 755 736 820 adiciam“.
753 755 875 819 homini
890 778 955 820 non
965 759 1007 820 ad
1017 767 1128 826 cetera
1138 764 1260 828 Punica

119 912 122 919 ,
138 845 266 928 ingenia
282 843 399 907 callido
415 853 451 906 ut
466 843 635 927 persuasit,
651 851 747 906 noete
763 843 846 906 clam
862 864 1056 926 progressus
1066 848 1107 911 ad
1118 847 1258 925 hostium

140 931 301 1011 stationes,
334 930 500 993 conventis
529 927 723 1013 quibusdam
751 927 961 992 auxiliaribus
984 929 1140 1017 Hispanis
1164 944 1197 999 et
1219 936 1258 999 ab

88 1017 120 1065 16
138 1014 189 1079 his
213 1016 253 1078 ad
277 1015 460 1099 Scipionem
483 1014 668 1098 perductus,
693 1014 770 1099 quid
793 1013 944 1097 adferret,
968 1019 1132 1101 expromit
1148 1030 1181 1084 et
1195 1020 1258 1085 fide

139 1110 275 1185 accepta
307 1102 447 1184 dataque
479 1121 517 1163 ac
544 1098 616 1163 loco
641 1108 673 1162 et
695 1109 841 1183 tempore
865 1101 1037 1167 constituto
1062 1105 1105 1168 ad
1128 1106 1273 1171 obsides·

139 1186 315 1250 medendos
338 1185 517 1266 Saguntum
539 1185 632 1247 redit.
650 1185 734 1248 diem
750 1187 974 1270 insequentem
990 1188 1172 1275 absumpsit
1187 1214 1258 1256 cum

89 1275 120 1323 1’1
140 1273 277 1338 Bostare
300 1272 458 1334 mandatis
481 1270 521 1333 ad
537 1292 606 1334 rem
623 1270 780 1352 agendam
797 1271 1000 1356 accipiendis.
1018 1274 1170 1341 dimissus
1187 1300 1257 1342 curn

141 1381 175 1422 se
198 1367 294 1422 nocte
316 1358 444 1440 iturum,
466 1366 503 1420 ut
525 1357 688 1419 custodias
710 1355 850 1419 hostium
872 1355 1008 1442 falleret,
1032 1363 1258 1446 constituisset,

141 1444 180 1506 ad
206 1443 418 1528 compositam
441 1465 512 1505 eum
529 1443 567 1505 iis
582 1441 696 1504 horam
713 1442 861 1505 excitatis
877 1444 1066 1509 custodibus
1081 1469 1257 1532 puerorum

140 1535 304 1613 profectus
335 1528 436 1591 veluti
463 1529 593 1612 ignarus
620 1529 652 1589 in
675 1538 966 1611 praeparatassua
987 1530 1101 1596 fraude
1124 1534 1256 1597 insidias

88 1618 120 1666 18
142 1616 239 1678 ducit.
263 1615 295 1677 in
318 1624 424 1678 castra
440 1613 586 1677 Romana
598 1613 760 1698 perducti:
778 1623 886 1676 cetera
902 1616 1008 1678 omnia
1025 1616 1066 1681 de
1080 1619 1257 1683 reddendis

141 1700 319 1782 obsidibus,
343 1702 424 1762 sieut
440 1721 510 1762 cum
526 1699 663 1763 Bostare
679 1699 886 1761 constitutum
903 1710 982 1784 erat,
997 1714 1130 1786 peracta
1144 1705 1259 1770 ecdem

90 1791 122 1838 19
141 1787 264 1869 ordine,
289 1808 352 1871 quo
377 1786 403 1848 si
427 1783 740 1868 Carthaginiensium
762 1786 890 1847 nomine
913 1787 959 1848 sio
981 1800 1142 1872 ageretur.
1157 1791 1260 1854 maior

77 1894 78 1897 ¹
141 1871 303 1957 aliquanto
327 1871 545 1934 Romanorum
577 1871 681 1952 gratia
710 1869 770 1932 fuit
800 1871 832 1932 in
854 1891 890 1932 re
913 1873 994 1956 pari,
1019 1895 1116 1957 quam
1140 1886 1260 1961 quanta

139 1958 248 2021 sutura
270 1956 582 2039 Carthaginiensium
606 1955 722 2018 fuerat.
749 1954 820 2025 illos
844 1956 929 2019 enim
952 1980 1079 2042 graves,
1102 1960 1258 2045 superbos

62 2045 63 2048 ’
140 2044 173 2106 in
195 2042 293 2106 rebus
316 2041 466 2104 secundis
490 2050 643 2125 expertos
665 2040 793 2105 fortuna
816 2050 847 2104 et
862 2042 957 2104 timor
972 2044 1138 2127 mitigasse
1153 2046 1258 2111 videri

90 2132 123 2181 20
140 2137 282 2212 poterat3
320 2127 483 2191 Romanus
519 2127 623 2210 primo
656 2126 799 2190 adventu
828 2127 1009 2210 incognitus
1042 2140 1116 2195 ante
1151 2131 1194 2196 ab
1224 2153 1259 2195 re

143 2212 291 2276 clementi
316 2211 504 2294 liberalique
527 2212 652 2277 initium
673 2211 808 2290 fecerat3
833 2222 864 2276 et
886 2213 1028 2296 Abelux,
1052 2217 1102 2279 vir
1118 2217 1263 2301 prudens,

86 2301 117 2350 21
143 2299 228 2363 haud
244 2297 546 2374 frustravirlebatur
561 2299 667 2361 socios
677 2306 828 2361 mutasse.
844 2298 952 2383 itaque
967 2301 1088 2382 ingenti
1100 2324 1258 2368 consensu

141 2385 354 2449 defectionem
380 2405 489 2447 omnes
513 2393 675 2468 spectare3
691 2405 846 2468 armaque
863 2385 1026 2469 externplo
1044 2398 1132 2451 mota
1145 2387 1258 2470 forent,

140 2472 172 2534 ni
202 2470 318 2551 hiems,
351 2492 433 2555 quae
457 2469 618 2533 Romanos
653 2491 781 2554 quoque
809 2480 841 2531 et
869 2468 1153 2554 Carthaginienses
1185 2495 1257 2539 con·

140 2556 256 2620 cedere
279 2558 422 2619 intecta
446 2557 561 2638 coegit,
584 2557 818 2618 intervenisset.
1050 2551 1057 2567 ’
1205 2596 1212 2610 ·

104 2648 115 2693 1
238 2642 368 2705 XXIII.
391 2641 538 2704 Haecin
561 2641 719 2724 Hispania
742 2640 882 2704 secunda
905 2651 1027 2706 aestate
1043 2643 1157 2707 Punici
1179 2643 1255 2708 belli
1298 2654 1301 2663 '

129 2737 237 2809 gesta,
253 2749 322 2790 cum
337 2728 369 2788 in
383 2725 476 2788 ltalia
488 2725 619 2809 paulum
636 2723 796 2788 intervalli
813 2723 958 2789 cladibus
973 2728 1127 2792 Romanis
1143 2729 1256 2794 sollers

96 2815 111 2864 1
138 2813 296 2875 cunctatio
307 2811 400 2874 Fabii
416 2811 557 2890 fecisset3
569 2833 651 2895 quae
661 2820 697 2874 ut
708 2810 922 2875 Hannibalem
934 2834 995 2875 non
1007 2815 1163 2879 mediocri
1174 2813 1257 2879 solli-

138 2898 235 2961 citum
251 2919 330 2962 cura
345 2896 494 2975 habebat,
515 2899 645 2960 tandem
657 2919 729 2959 eum
745 2896 877 2960 militiae
901 2901 1089 2980 magistrum
1101 2899 1259 2985 delegisse

103 2988 117 3036 3
138 2983 299 3046 Romanos
323 2992 516 3063 cernentem,
541 2984 594 3068 qui
616 2981 737 3046 bellum
750 2984 882 3063 ratione,
898 3005 962 3046 non
978 2983 1107 3048 sor-tuna
1121 2995 1259 3071 gereret,

136 3069 186 3149 itav
213 3078 398 3153 contempta
427 3078 497 3147 erat
523 3069 607 3132 inter
629 3070 715 3131 cives
747 3077 886 3133 armatos
909 3070 1031 3155 pariter
1053 3081 1258 3158 togatosque,

138 3157 250 3240 utique
267 3164 439 3240 postquam
456 3153 589 3217 absente
606 3175 643 3217 eo
659 3155 841 3217 temeritate
857 3156 1003 3238 magistri
1019 3157 1164 3241 equitum
1176 3156 1259 3222 laeto

136 3243 243 3304 verius
284 3241 421 3304 dixerim
459 3262 554 3326 quam
591 3261 746 3325 prospero
780 3250 898 3303 eventu
931 3253 1109 3326 pugnatum
1144 3243 1258 3308 fuerat.

101 3332 340 3392 4aocesserant
368 3327 525 3389 duceres
549 3325 589 3388 ad
615 3325 794 3408 augendam
817 3325 970 3388 invidiam
995 3327 1173 3412 dictatoris,
1197 3351 1260 3393 una

137 3412 257 3475 fraude
289 3435 328 3477 ac
359 3412 434 3476 dolo
459 3410 658 3487 Hannibalis,
692 3410 789 3494 quod,
814 3433 886 3473 cum
910 3433 929 3474 a
951 3412 1094 3496 perfugis
1119 3414 1149 3478 ei
1171 3436 1259 3479 mon-

136 3507 256 3562 stratus
289 3520 367 3581 ager
398 3497 563 3560 dictatoris
596 3506 690 3579 esset,
724 3494 872 3559 omnibus
900 3499 988 3560 circa
1015 3497 1087 3562 solo
1114 3501 1260 3584 aequatis

135 3584 175 3647 ab
207 3606 270 3649 uno
303 3606 342 3647 eo
372 3583 493 3647 ferrum
515 3583 688 3666 ignemque
733 3592 765 3645 et
786 3583 851 3645 vim
876 3603 1003 3646 omnem
1026 3583 1182 3650 hostilem
1205 3585 1259 3649 ab·

139 3670 248 3733 stineri
271 3670 372 3751 iussit,
388 3676 424 3732 ut
440 3666 557 3731 occulti
569 3667 702 3731 alieuius
719 3667 806 3751 pacti
822 3688 862 3729 ea
877 3689 1002 3732 merces
1017 3669 1122 3734 videri
1137 3682 1258 3757 posset,

103 3755 238 3819 caltera
260 3756 361 3842 ipsius
382 3754 476 3834 facto,
500 3755 604 3838 primo
627 3752 759 3816 forsitan
783 3752 892 3834 dubio,
916 3754 1070 3839 quianon
1086 3744 1259 3841 expectata

136 3844 165 3902 in
191 3862 229 3905 eo
252 3851 382 3904 senatus
409 3840 580 3904 auctoritas
605 3849 663 3920 est,
687 3838 728 3901 ad
752 3847 932 3902 extremum
957 3840 1040 3905 haud
1059 3862 1111 3904 am
1127 3843 1258 3928 inbigue
