2738 4146
85 134 126 191 96
356 147 467 196 urana
484 147 521 198 11.
540 145 616 197 car.
635 150 677 197 so.
696 145 731 214 [a.
750 146 783 198 u.
802 162 824 198 c.
843 146 1001 215 ars-arar

87 340 118 385 ra
136 318 254 384 locum.
278 321 323 384 ita
344 319 408 383 fusi
431 329 518 384 retro
542 319 583 383 ad
608 341 688 384 saxa
710 319 810 383 1ubra
832 318 943 383 --ibi
965 328 1074 384 castra
1101 318 1277 386 habebant

140 443 175 452 -
209 427 325 492 pacem
359 404 522 491 supplices
560 415 689 491 petunt;
730 406 822 471 cuius
859 407 1054 491 impetratae
1092 407 1136 472 ab
1175 408 1277 478 insita

137 493 251 557 animis
273 491 406 557 levitate
439 502 515 556 ante
548 492 724 557 deductum
746 491 904 558 Cremera
924 491 1110 559 Romanum
1142 497 1275 579 praesi-

137 579 225 642 dium
273 579 416 643 aenituit.

98 687 109 731 1
270 665 422 729 ‚Rursus
445 686 519 729 cum
541 663 652 728 Fabiis
685 673 755 728 erat
776 662 907 729 Veienti
938 661 1061 750 populo
1099 666 1172 730 sine
1202 665 1273 731 ullo

136 751 266 815 maioris
288 750 366 816 belli
388 760 549 835 apparatu
564 760 739 830 certamen,
761 772 824 815 nec
840 761 932 815 erant
949 751 1155 816 incursiones
1171 753 1273 817 modo

135 837 169 902 in
192 859 288 921 agros
311 846 368 901 aut
389 837 488 901 subiti
510 838 651 924 impetus
674 838 705 900 in
728 837 941 914 incursantes,
980 837 1039 902 sed
1070 836 1271 924 aliquotiens

96 945 240 1010 aaequo
277 944 393 1007 campo
431 921 634 1009 conlatisque
670 924 769 1006 signis
807 933 979 1005 certatum,
1017 946 1167 1011 gensque
1204 948 1271 989 una

134 1009 248 1095 populi
270 1010 405 1073 Romani
436 1031 533 1092 saepe
565 1031 607 1073 ex
639 1008 892 1095 opulentissima,
928 1019 965 1074 ut
995 1018 1065 1074 tum
1086 1032 1140 1074 res
1166 1022 1271 1095 erant,

93 1119 107 1164 3
134 1096 274 1160 Etrusca
305 1096 434 1159 civitate
465 1095 635 1160 victoriam
665 1094 747 1159 tulit.
786 1095 821 1159 id
845 1096 951 1181 primo
980 1096 1138 1161 acerbum
1161 1097 1268 1182 indig-

134 1203 278 1268 numque
296 1180 489 1246 Veientibus
516 1192 565 1245 est
587 1183 707 1263 visum,
730 1180 806 1245 inde
830 1181 1000 1247 consilium
1024 1203 1067 1246 ex
1089 1204 1127 1247 re
1149 1194 1264 1247 natum

134 1269 258 1332 insidiis
295 1267 437 1332 ferocem
474 1267 602 1333 hostem
640 1268 807 1352 captandi,
845 1269 990 1351 gaudere
1028 1269 1126 1333 etiam
1166 1268 1268 1333 multo

94 1377 112 1426 4
136 1375 288 1418 successu
309 1353 422 1417 Fabiis
445 1354 616 1417 audaciam
639 1375 797 1419 creseere.
834 1356 944 1441 itaque
972 1363 1005 1419 et
1028 1376 1149 1439 pecora
1175 1376 1267 1440 prae·

135 1440 288 1504 dantibus
310 1439 512 1525 aliquotiens,
536 1442 626 1504 velut
649 1462 726 1504 casu
748 1439 948 1513 incidissent,
973 1439 1104 1505 obviam
1133 1452 1219 1524 acta,
1237 1450 1269 1505 et

135 1527 311 1610 agrestium
332 1525 409 1609 fuga
431 1527 515 1590 vasti
536 1525 641 1590 relicti
663 1527 742 1608 agri,
766 1536 799 1590 et
821 1526 968 1590 subsidia
990 1536 1194 1591 armatorum
1226 1526 1267 1590 ad

135 1613 292 1677 arcendas
323 1611 551 1698 populationes
582 1614 681 1676 missa
712 1614 841 1696 saepius
873 1610 1022 1677 simulato
1056 1634 1154 1696 quam
1189 1613 1268 1677 vero

95 1725 110 1771 5
134 1720 258 1783 pavore
272 1698 470 1781 refugerunt.
486 1699 616 1783 iamque
633 1698 726 1761 Fabii
741 1700 824 1762 adeo
845 1708 1109 1782 contempserant
1126 1697 1269 1783 hostem,

136 1793 171 1848 ut
201 1807 259 1848 sua
289 1785 410 1849 invicta
431 1807 522 1849 arma
554 1806 661 1869 neque
687 1782 759 1848 loco
789 1806 897 1869 neque
932 1793 1081 1870 tempore
1104 1782 1173 1848 ullo
1198 1805 1267 1848 cre·
1299 1853 1302 1859 ,

137 1871 251 1935 darent
273 1871 425 1935 sustineri
447 1891 555 1956 posse.
572 1869 656 1934 haec
679 1892 753 1955 spes
776 1871 940 1956 provexit,
965 1880 1000 1934 ut
1023 1870 1065 1933 ad
1088 1879 1269 1955 conspecta

136 1955 251 2039 procul
273 1979 293 2019 a
316 1954 472 2020 Cremera
494 1978 610 2038 magno
641 1956 748 2042 campi
779 1955 951 2022 intervallo
985 1977 1119 2042 pecora,
1155 1978 1268 2042 quam-

96 2056 111 2102 e
136 2065 233 2125 quam
255 2063 330 2104 rara
351 2041 492 2105 bostium
515 2042 718 2126 apparebant
747 2064 848 2121 arma,
881 2042 1102 2106 decurrerent.
1138 2051 1268 2107 etcum

135 2129 300 2214 inprovidi
331 2128 432 2191 effuso
465 2149 563 2191 cursu
599 2128 732 2191 insidias
770 2131 855 2192 circa
891 2130 999 2213 ipsum
1035 2128 1100 2191 iter
1142 2126 1269 2193 locatas

136 2224 343 2299 superassent
374 2213 538 2299 palatique
570 2214 692 2299 passim
721 2236 816 2298 vaga,
848 2223 885 2278 ut
913 2215 949 2277 fit
982 2235 1104 2298 pavore
1132 2213 1266 2292 iniecto,

135 2310 288 2387 raperent
310 2321 440 2384 pecora,
475 2299 583 2364 subito
607 2322 649 2364 ex
671 2300 795 2364 insidiis
820 2301 1034 2383 consurgitur,
1067 2307 1100 2364 et
1133 2299 1268 2365 adversi

97 2401 111 2447 7
136 2396 168 2450 et
189 2387 333 2472 undique
355 2386 466 2451 hostes
483 2395 583 2451 erant.
607 2387 713 2470 primo
731 2385 853 2450 clamor
869 2386 1077 2450 circumlatus
1093 2387 1268 2465 exterruit,

137 2474 211 2537 dein
234 2473 298 2537 tela
322 2472 362 2536 ab
387 2473 475 2536 omni
497 2479 589 2558 parte
613 2471 821 2554 accidebant3
845 2472 1101 2558 coeuntibusque
1117 2470 1269 2536 Etruscis

135 2561 199 2623 iam
222 2560 399 2623 continenti
421 2559 550 2642 agmine
565 2567 762 2622 armatorum
778 2559 891 2643 saepti,
908 2579 972 2644 quo
990 2559 1094 2642 magis
1111 2579 1148 2622 se
1164 2555 1269 2622 hostis

134 2645 306 2728 inferebat,
330 2644 529 2728 cogebantur
548 2644 698 2708 breviore
714 2646 819 2728 spatio
844 2653 876 2708 et
890 2645 951 2728 ipsi
968 2644 1083 2709 orbem
1101 2641 1268 2727 colligere,

95 2746 111 2794 8
136 2752 219 2816 quae
250 2753 303 2794 res
336 2742 368 2793 et
398 2732 596 2815 paucitatem
629 2751 743 2794 eorum
772 2729 933 2812 insignem
964 2741 997 2795 et
1024 2727 1269 2794 multitudinem

95 2817 350 2880 eFtruscorum
387 2815 605 2900 multiplicatis
640 2817 673 2879 in
705 2825 775 2880 arto
808 2817 975 2881 ordinibus
1006 2814 1157 2880 faciebat.
1196 2825 1267 2880 tum

137 2903 256 2966 omissa
278 2923 397 2986 pugna,
422 2924 519 2988 quam
541 2903 573 2964 in
597 2923 708 2966 omnes
730 2913 840 2987 partes
862 2925 978 2987 parem
1000 2901 1222 2983 intenderant,
1237 2902 1270 2965 in

137 3010 238 3051 unum
260 2986 367 3051 locum
390 3010 424 3050 se
448 3009 559 3051 omnes
575 2987 738 3051 inclinant.
764 3009 802 3052 eo
818 2988 880 3053 nisi
896 2989 1087 3074 corporibus
1103 2988 1269 3073 armisque

87 3094 119 3141 ro
136 3096 255 3159 rupere
278 3095 381 3137 cuneo
406 3072 500 3137 viam.
527 3074 620 3138 duxit
641 3075 695 3137 via
717 3076 750 3137 in
773 3075 895 3140 editum
911 3074 1027 3139 leniter
1044 3071 1172 3139 collem.
1191 3071 1269 3138 inde

137 3163 241 3247 primo
265 3160 430 3238 restitere;
453 3182 540 3242 mox,
568 3169 605 3223 ut
625 3161 808 3244 respirandi
840 3161 989 3244 superior
1010 3160 1102 3225 locus
1125 3158 1269 3245 spatium

138 3247 229 3310 dedit
250 3246 493 3331 recipiendique
516 3268 535 3308 a
557 3268 680 3331 pavore
703 3256 791 3310 tanto
815 3247 967 3329 animum,
990 3242 1147 3331 pepulere
1169 3245 1268 3310 etiam

138 3332 328 3413 subeuntes,
360 3332 576 3417 vincebatque
608 3330 728 3396 auxilio
760 3331 823 3396 loci
854 3334 1010 3418 paucitas,
1041 3331 1076 3396 ni
1108 3332 1187 3416 iugo
1211 3331 1270 3395 cir·

88 3439 117 3486 11
138 3419 330 3482 cummissus
355 3416 474 3482 Veiens
497 3419 528 3480 in
551 3419 707 3482 verticem
731 3417 822 3482 collis
849 3420 1015 3484 evasisset.
1049 3419 1096 3482 ita
1118 3417 1269 3503 superior

137 3526 249 3568 rursus
273 3504 374 3567 hostis
396 3503 511 3567 factus.
545 3503 639 3567 Fabii
672 3505 757 3568 eaesi
786 3505 829 3568 ad
859 3525 960 3569 unum
998 3525 1111 3569 omncs
1147 3503 1269 3588 praesi-

138 3590 294 3676 diumque
317 3600 549 3673 expugnatum.
581 3598 742 3654 trecentos
772 3613 832 3654 sex
852 3592 978 3675 perisse
1002 3591 1080 3654 satis
1104 3589 1267 3669 convenit,

136 3698 236 3740 unum
258 3698 361 3760 prope
384 3675 542 3760 puberem
564 3685 671 3740 aetate
693 3675 852 3759 relictum,
876 3678 1011 3759 stirpem
1056 3676 1121 3740 enti
1143 3672 1269 3739 Fabiae

138 3761 309 3848 dubiisque
339 3762 438 3826 rebus
469 3759 582 3847 populi
613 3761 748 3826 Romani
780 3784 879 3848 saepe
914 3763 1002 3829 domi
1033 3699 1186 3848 bellique
1214 3756 1267 3828 vel

132 3849 312 3912 maximum
335 3848 480 3914 futurum
504 3847 671 3913 auxilium.
