2738 4146
318 149 427 202 arasa
444 152 529 207 xxm
548 149 684 208 caasa
703 157 745 206 so.
763 158 804 207 ιι.
824 154 852 225 [a
876 157 910 208 u.
928 173 951 208 e.
969 156 1039 224 casp
1221 149 1285 208 197

92 320 220 472 proelio
251 323 315 387 tria
344 323 434 390 milia
464 326 612 411 pediturn
649 336 684 392 ct
717 329 843 414 equites
876 327 963 394 mille
1001 337 1034 394 et
1065 332 1232 415 quingenti

116 420 356 560 nunquam
382 506 432 561 est
453 519 563 583 pugna
585 496 776 583 Cannensis,
799 498 924 563 Aliensi
955 499 1041 565 cladi
1062 501 1265 577 nobilitator

93 603 167 668 par,
191 590 337 646 ceterum
368 584 415 647 uti
439 585 495 664 eis,
529 607 613 670 quae
643 596 718 670 post
747 608 890 673 pugnam
923 587 1081 666 accidere,
1116 588 1266 670 levior,2

93 669 174 818 quia
205 667 246 734 ab
279 667 374 733 hoste
405 678 456 733 est
489 682 661 750 cessatum,
693 673 739 736 sic
770 683 880 755 strage
908 674 1070 736 exercitus
1098 676 1231 756 gravior

108 754 299 839 oediorque.
335 754 414 839 fuga
442 777 585 844 namque
615 756 655 820 ad
682 757 788 820 Aliam
822 760 906 822 sicut
936 758 1052 823 urbem
1075 761 1268 844 prodidit,s

93 842 141 904 ita
165 841 347 906 exercitum
369 844 527 925 servavit,
559 842 600 908 ad
625 841 753 908 Cannas
784 845 962 927 fugientem
986 844 1151 909 consulem
1173 848 1230 911 vix

92 927 331 1077 quinqrfruaginta
352 929 456 991 secuti
470 937 554 1009 sunt,
578 928 711 994 alterius
727 931 893 994 morientis
909 952 1012 1016 prope
1027 939 1115 995 totus
1138 953 1229 996 exer-

92 1013 179 1078 eitius
235 1014 270 1076 it.

200 1098 291 1162 Binis
313 1099 347 1162 in
370 1100 483 1164 eastris
506 1123 580 1165 cum
602 1100 777 1165 multitudo
801 1101 982 1165 semiermis
1005 1102 1074 1167 sine
1091 1103 1228 1169 ducibus
1250 1120 1268 1169 4

93 1195 195 1259 esset,
220 1186 379 1268 nuntium,
404 1187 458 1271 qui
480 1187 513 1249 in
529 1187 706 1251 maioribus
723 1197 824 1266 erant,
841 1187 981 1266 mittunt,
1000 1187 1077 1252 dum
1092 1187 1228 1274 proelio,

93 1270 217 1336 deinde
249 1294 292 1337 ex
322 1270 445 1335 laetitia
477 1272 580 1357 epulis
612 1273 765 1358 fatigatos
798 1273 891 1358 quies
927 1282 1086 1338 nocturna
1116 1275 1228 1340 hostes

93 1368 272 1445 premeret,
294 1367 331 1423 ut
345 1358 386 1420 ad
403 1380 438 1422 se
454 1361 644 1423 transirent:
659 1381 725 1424 uno
742 1360 872 1442 agmine
888 1357 1065 1424 Canusium
1082 1360 1226 1426 abituros

94 1465 180 1509 esse.
206 1466 279 1508 earn
301 1445 495 1508 sententiam
517 1443 572 1508 alii
594 1455 695 1509 totam
722 1445 904 1529 aspernari:
937 1466 995 1508 cur
1025 1447 1112 1510 enim
1143 1446 1226 1532 illos,
1248 1466 1265 1514 t

92 1531 152 1616 qui
186 1551 222 1594 se
257 1540 434 1611 arcessant,
464 1533 555 1616 ipsos
588 1553 653 1594 non
683 1534 806 1608 venire,
841 1553 915 1596 cum
947 1552 1053 1615 aeque
1077 1535 1228 1618 coniungi

93 1614 255 1702 possent?
299 1617 375 1702 quia
406 1614 562 1681 videlicet
592 1617 690 1704 plena
726 1617 867 1681 hostium
906 1619 1013 1681 omnia
1049 1618 1083 1680 in
1119 1619 1226 1684 medio

95 1712 219 1785 essent,
244 1711 277 1767 et
299 1702 437 1769 aliorum
460 1724 557 1789 quam
581 1725 640 1767 sua
663 1725 803 1789 corpora
823 1712 914 1766 tanto
929 1703 1077 1787 periculo
1094 1704 1227 1769 mallent

95 1788 240 1854 obicere.
279 1787 350 1852 aliis
383 1810 448 1853 non
481 1799 548 1853 tam
580 1791 741 1854 sententia
775 1788 948 1872 displicere
980 1811 1077 1874 quam
1101 1792 1261 1858 animust

93 1874 223 1940 deesse.
268 1883 336 1938 tum
368 1873 404 1938 P.
441 1873 653 1959 Sempronius
684 1875 865 1939 Tuditanus
901 1874 1051 1938 tribunus
1088 1875 1226 1942 militum

96 1961 191 2046 „capi
214 1981 293 2045 ergo
315 1959 489 2025 mavultis“
513 1963 618 2047 inquit
643 1960 704 2042 ,ab
728 1961 917 2025 avarissimo
947 1971 980 2024 et
1003 1960 1225 2028 crudelissimo

90 2046 200 2130 hoste,
225 2047 454 2132 aestimarique
476 2049 584 2133 capita
605 2057 717 2112 vestra
739 2058 772 2111 et
794 2047 922 2132 exquiri
944 2048 1051 2132 pretia
1070 2047 1111 2111 ab
1127 2049 1224 2113 inter-

92 2134 297 2218 rogantibus,
319 2133 482 2197 Romanus
506 2135 586 2197 civis
609 2136 653 2198 sis
676 2156 717 2197 an
739 2133 875 2197 Latinus
899 2135 1016 2217 socius,
1044 2143 1080 2198 ut
1103 2156 1146 2198 ex
1167 2144 1225 2200 tua

93 2218 292 2284 contumelia
313 2229 347 2283 et
368 2221 498 2283 miseria
529 2218 622 2285 alteri
652 2220 758 2285 honos
790 2219 988 2305 quaeratur?
1024 2239 1090 2283 non
1121 2230 1166 2300 tu,
1197 2222 1262 2288 sir

93 2305 226 2391 quidem
251 2305 289 2369 L.
313 2302 446 2369 Aemilii
468 2304 619 2385 consulis,
644 2307 700 2392 qui
722 2328 758 2369 se
778 2305 862 2369 bene
877 2306 959 2368 mori
975 2327 1071 2392 quam
1087 2308 1226 2392 turpiter

92 2393 209 2457 vivere
231 2389 355 2470 maluit,
378 2400 411 2455 et
433 2400 481 2455 tot
501 2392 752 2456 fortissimorum
773 2392 928 2469 virorum,
956 2392 1011 2474 qui
1035 2393 1121 2455 circa
1151 2415 1223 2457 eum

92 2477 250 2542 cumulati
278 2478 398 2558 iacent,
430 2479 518 2543 cives
551 2479 638 2542 estis.
677 2478 735 2542 sed
771 2488 945 2564 antequam
980 2478 1136 2560 opprimit
1157 2476 1261 2558 lux,8

92 2565 283 2650 maioraque
313 2562 455 2628 hostium
486 2565 615 2648 agmina
646 2565 840 2647 obsaepiunt
874 2564 944 2641 iter,
976 2584 1036 2647 per
1066 2562 1137 2647 hos,
1169 2566 1224 2650 qui

91 2651 268 2714 inordinati
287 2659 388 2736 ,atque
408 2650 618 2735 incompositi
642 2650 837 2735 obstrepunt
858 2648 971 2733 portis,
1004 2669 1223 2735 erumpamus.

91 2735 180 2802 ferro
212 2744 311 2823 atque
343 2735 480 2800 audacia
510 2738 564 2800 via
595 2736 633 2800 fit
664 2737 812 2822 quamvis
834 2757 895 2820 per
917 2733 1080 2799 confertos
1103 2738 1259 2807 hosteso

91 2843 197 2888 cuneo
220 2821 351 2908 quidem
374 2823 438 2886 hoc
460 2821 571 2886 laxum
593 2832 693 2908 atque
715 2822 857 2887 solutum
880 2843 1007 2904 agmen,
1037 2832 1073 2885 ut
1095 2823 1122 2886 si
1143 2823 1223 2886 nihil

91 2907 213 2990 obstet,
237 2907 377 2972 disicias.
415 2909 526 2994 itaque
548 2910 594 2972 ite
617 2930 756 2990 mecum,
790 2909 902 2992 quiet
922 2917 1051 2972 vosmet
1077 2909 1167 2994 ipsos
1191 2919 1224 2974 et
1268 2953 1269 2957 =

92 3016 164 3059 rem
189 2993 353 3081 publicam
376 2992 500 3058 salvam
523 2993 652 3058 vultis“.
676 2995 757 3058 haec
779 2993 837 3057 ubi
861 2993 948 3057 dicta
971 2993 1070 3075 dedit,
1095 2996 1223 3078 stringit
1242 3007 1276 3055 ιο

88 3079 235 3166 gladium
260 3102 426 3166 cuneoque
448 3080 535 3145 facto
557 3102 619 3166 per
640 3081 765 3144 medios
798 3080 889 3143 vadit
921 3079 1045 3160 hostes3
1084 3089 1117 3143 et
1148 3103 1221 3145 cum
1243 3095 1273 3142 11

90 3169 124 3230 in
161 3166 247 3231 latus
285 3167 447 3248 dextrum,
485 3168 574 3253 quod
611 3167 756 3252 patebat,
793 3165 955 3229 Numidae
992 3164 1220 3250 iacularentur,

88 3251 256 3318 translatis
278 3254 310 3316 in
335 3253 488 3317 dextrum
521 3254 620 3317 scutis
652 3255 684 3316 in
707 3252 832 3316 maiora
856 3262 961 3314 castra
983 3251 1025 3313 ad
1049 3262 1222 3318 sexcentos

89 3347 267 3404 evaserunt
289 3349 387 3426 atque
408 3339 485 3404 inde
509 3340 655 3425 protinus
679 3338 742 3403 alio
765 3359 883 3421 magno
908 3338 1035 3419 agmine
1068 3338 1220 3403 adiuncto

89 3424 269 3492 Canusium
295 3425 475 3490 incolumes
506 3427 709 3510 perveniunt.
747 3424 830 3488 haec
861 3423 947 3506 apud
981 3424 1086 3486 victos
1119 3425 1222 3507 magis
1242 3441 1276 3488 ra

88 3513 131 3576 im
159 3522 215 3577 etu
244 3513 435 3593 animorum,
474 3533 556 3598 quos
586 3513 753 3596 ingenium
787 3532 882 3574 suum
920 3509 1035 3593 cuique
1067 3519 1122 3572 aut
1154 3509 1221 3574 fors

89 3535 200 3676 dabat,
236 3620 333 3684 quam
367 3620 409 3662 ex
440 3597 576 3662 consilio
608 3600 753 3683 ipsorum
785 3605 842 3660 aut
872 3595 1007 3678 imperio
1032 3596 1219 3680 cuiusquam

86 3685 280 3770 agebantur.

191 3771 248 3835 LI.
271 3768 450 3834 Hannibali
480 3768 597 3834 victori
624 3790 699 3833 cum
731 3766 832 3832 ceteri
867 3767 1054 3832 circumfusi
1082 3767 1256 3850 gratulat

86 3866 203 3923 rentur
233 3856 483 3944 suaderentque,
517 3865 555 3921 ut
586 3865 675 3921 tanto
706 3853 903 3942 perfunctus
928 3853 1024 3917 bello
1051 3853 1124 3915 diei
1141 3854 1238 3932 quob
