<?xml version="1.0" encoding="UTF-8"?>
<!DOCTYPE html PUBLIC "-//W3C//DTD XHTML 1.0 Transitional//EN"
    "http://www.w3.org/TR/xhtml1/DTD/xhtml1-transitional.dtd">
<html xmlns="http://www.w3.org/1999/xhtml" xml:lang="en" lang="en">
 <head>
  <title>
</title>
<meta http-equiv="Content-Type" content="text/html;charset=utf-8" />
  <meta name='ocr-system' content='tesseract 3.04.00' />
  <meta name='ocr-capabilities' content='ocr_page ocr_carea ocr_par ocr_line ocrx_word'/>
</head>
<body>
  <div class='ocr_page' id='page_1' title='image "./aburbeconditali02livygoog_0254.png"; bbox 0 0 2738 4146; ppageno 0'>
   <div class='ocr_carea' id='block_1_1' title="bbox 379 137 1282 219">
    <p class='ocr_par' dir='ltr' id='par_1_1' title="bbox 379 137 1282 219">
     <span class='ocr_line' id='line_1_1' title="bbox 379 137 1282 219; baseline 0 -23"><span class='ocrx_word' id='word_1_1' title='bbox 379 146 488 197; x_wconf 73' lang='lat' dir='ltr'><strong>niens</strong></span> <span class='ocrx_word' id='word_1_2' title='bbox 506 147 554 197; x_wconf 86' lang='lat'>111.</span> <span class='ocrx_word' id='word_1_3' title='bbox 573 146 650 197; x_wconf 76' lang='lat' dir='ltr'><strong>car.</strong></span> <span class='ocrx_word' id='word_1_4' title='bbox 668 150 709 198; x_wconf 77' lang='lat' dir='ltr'><strong>se.</strong></span> <span class='ocrx_word' id='word_1_5' title='bbox 728 149 770 198; x_wconf 77' lang='grc' dir='ltr'>ιι.</span> <span class='ocrx_word' id='word_1_6' title='bbox 790 146 823 215; x_wconf 78' lang='lat' dir='ltr'><strong>[a.</strong></span> <span class='ocrx_word' id='word_1_7' title='bbox 842 149 875 201; x_wconf 85' lang='grc' dir='ltr'>ιι.</span> <span class='ocrx_word' id='word_1_8' title='bbox 894 165 917 200; x_wconf 70' lang='lat' dir='ltr'><strong>a</strong></span> <span class='ocrx_word' id='word_1_9' title='bbox 936 149 1006 219; x_wconf 76' lang='lat' dir='ltr'><strong>soal.</strong></span> <span class='ocrx_word' id='word_1_10' title='bbox 1223 137 1282 197; x_wconf 71' lang='grc' dir='ltr'><strong>ιιι</strong></span> 
     </span>
    </p>
   </div>
   <div class='ocr_carea' id='block_1_2' title="bbox 81 317 1360 3939">
    <p class='ocr_par' dir='ltr' id='par_1_2' title="bbox 83 317 1360 2990">
     <span class='ocr_line' id='line_1_2' title="bbox 91 317 1360 408; baseline 0.001 -23"><span class='ocrx_word' id='word_1_11' title='bbox 91 321 275 408; x_wconf 81' lang='lat' dir='ltr'><strong>spirantem</strong></span> <span class='ocrx_word' id='word_1_12' title='bbox 310 317 417 383; x_wconf 90' lang='lat' dir='ltr'><strong>locum</strong></span> <span class='ocrx_word' id='word_1_13' title='bbox 449 319 616 383; x_wconf 81' lang='lat' dir='ltr'><strong>seditionis</strong></span> <span class='ocrx_word' id='word_1_14' title='bbox 649 341 807 405; x_wconf 88' lang='lat' dir='ltr'><strong>quaerere</strong></span> <span class='ocrx_word' id='word_1_15' title='bbox 840 321 971 386; x_wconf 90' lang='lat' dir='ltr'><strong>diceret.</strong></span> <span class='ocrx_word' id='word_1_16' title='bbox 1008 345 1074 387; x_wconf 91' lang='lat' dir='ltr'><strong>non</strong></span> <span class='ocrx_word' id='word_1_17' title='bbox 1105 325 1268 407; x_wconf 78' lang='lat' dir='ltr'><strong>praebia</strong></span> <span class='ocrx_word' id='word_1_18' title='bbox 1358 357 1360 361; x_wconf 94' lang='lat'>·</span> 
     </span>
     <span class='ocr_line' id='line_1_3' title="bbox 93 403 1233 487; baseline 0.002 -15"><span class='ocrx_word' id='word_1_19' title='bbox 93 419 206 473; x_wconf 88' lang='lat' dir='ltr'><strong>turum</strong></span> <span class='ocrx_word' id='word_1_20' title='bbox 231 428 267 470; x_wconf 92' lang='lat' dir='ltr'><strong>se</strong></span> <span class='ocrx_word' id='word_1_21' title='bbox 289 403 337 468; x_wconf 92' lang='lat' dir='ltr'><strong>illi</strong></span> <span class='ocrx_word' id='word_1_22' title='bbox 360 427 398 470; x_wconf 92' lang='lat' dir='ltr'><strong>eo</strong></span> <span class='ocrx_word' id='word_1_23' title='bbox 423 405 477 470; x_wconf 92' lang='lat' dir='ltr'><strong>die</strong></span> <span class='ocrx_word' id='word_1_24' title='bbox 504 409 688 487; x_wconf 82' lang='lat' dir='ltr'><strong>materiam3</strong></span> <span class='ocrx_word' id='word_1_25' title='bbox 722 405 778 470; x_wconf 90' lang='lat' dir='ltr'><strong>sed</strong></span> <span class='ocrx_word' id='word_1_26' title='bbox 812 416 848 470; x_wconf 92' lang='lat' dir='ltr'><strong>ut</strong></span> <span class='ocrx_word' id='word_1_27' title='bbox 878 409 943 471; x_wconf 93' lang='lat' dir='ltr'><strong>iam</strong></span> <span class='ocrx_word' id='word_1_28' title='bbox 975 410 1072 473; x_wconf 88' lang='lat' dir='ltr'><strong>sciret</strong></span> <span class='ocrx_word' id='word_1_29' title='bbox 1103 433 1168 474; x_wconf 92' lang='lat' dir='ltr'><strong>non</strong></span> <span class='ocrx_word' id='word_1_30' title='bbox 1198 411 1233 474; x_wconf 93' lang='lat' dir='ltr'><strong>id</strong></span> 
     </span>
     <span class='ocr_line' id='line_1_4' title="bbox 117 490 1233 580; baseline 0.003 -22"><span class='ocrx_word' id='word_1_31' title='bbox 117 493 299 558; x_wconf 85' lang='lat' dir='ltr'><strong>etulantiae</strong></span> <span class='ocrx_word' id='word_1_32' title='bbox 322 514 410 572; x_wconf 90' lang='lat' dir='ltr'><strong>suae,</strong></span> <span class='ocrx_word' id='word_1_33' title='bbox 434 491 493 555; x_wconf 92' lang='lat' dir='ltr'><strong>sed</strong></span> <span class='ocrx_word' id='word_1_34' title='bbox 515 490 672 576; x_wconf 88' lang='lat' dir='ltr'><strong>Verginio</strong></span> <span class='ocrx_word' id='word_1_35' title='bbox 702 491 829 556; x_wconf 84' lang='lat' dir='ltr'><strong>absenti</strong></span> <span class='ocrx_word' id='word_1_36' title='bbox 852 504 884 558; x_wconf 92' lang='lat' dir='ltr'><strong>et</strong></span> <span class='ocrx_word' id='word_1_37' title='bbox 906 496 1012 580; x_wconf 88' lang='lat' dir='ltr'><strong>patrio</strong></span> <span class='ocrx_word' id='word_1_38' title='bbox 1045 496 1167 559; x_wconf 90' lang='lat' dir='ltr'><strong>nomini</strong></span> <span class='ocrx_word' id='word_1_39' title='bbox 1200 507 1233 562; x_wconf 92' lang='lat' dir='ltr'><strong>et</strong></span> 
     </span>
     <span class='ocr_line' id='line_1_5' title="bbox 91 519 1230 667; baseline 0.002 -23"><span class='ocrx_word' id='word_1_40' title='bbox 91 519 239 645; x_wconf 87' lang='lat' dir='ltr'><strong>libertati</strong></span> <span class='ocrx_word' id='word_1_41' title='bbox 264 578 388 658; x_wconf 91' lang='lat' dir='ltr'><strong>datum,</strong></span> <span class='ocrx_word' id='word_1_42' title='bbox 412 578 462 641; x_wconf 91' lang='lat' dir='ltr'><strong>ius</strong></span> <span class='ocrx_word' id='word_1_43' title='bbox 486 599 524 642; x_wconf 93' lang='lat' dir='ltr'><strong>eo</strong></span> <span class='ocrx_word' id='word_1_44' title='bbox 549 580 602 642; x_wconf 89' lang='lat' dir='ltr'><strong>die</strong></span> <span class='ocrx_word' id='word_1_45' title='bbox 625 600 660 641; x_wconf 91' lang='lat' dir='ltr'><strong>se</strong></span> <span class='ocrx_word' id='word_1_46' title='bbox 682 600 746 642; x_wconf 93' lang='lat' dir='ltr'><strong>non</strong></span> <span class='ocrx_word' id='word_1_47' title='bbox 764 579 925 643; x_wconf 88' lang='lat' dir='ltr'><strong>dicturum</strong></span> <span class='ocrx_word' id='word_1_48' title='bbox 940 603 1048 667; x_wconf 90' lang='lat' dir='ltr'><strong>neque</strong></span> <span class='ocrx_word' id='word_1_49' title='bbox 1065 582 1230 648; x_wconf 86' lang='lat' dir='ltr'><strong>decretum</strong></span> 
     </span>
     <span class='ocr_line' id='line_1_6' title="bbox 91 662 1233 751; baseline 0.004 -21"><span class='ocrx_word' id='word_1_50' title='bbox 91 665 383 751; x_wconf 84' lang='lat' dir='ltr'><strong>interpositurum3</strong></span> <span class='ocrx_word' id='word_1_51' title='bbox 426 685 447 727; x_wconf 91' lang='lat' dir='ltr'><strong>a</strong></span> <span class='ocrx_word' id='word_1_52' title='bbox 482 663 527 729; x_wconf 89' lang='grc' dir='ltr'><strong>Μ.</strong></span> <span class='ocrx_word' id='word_1_53' title='bbox 565 662 703 729; x_wconf 83' lang='lat' dir='ltr'><strong>claudio</strong></span> <span class='ocrx_word' id='word_1_54' title='bbox 741 665 929 750; x_wconf 88' lang='lat' dir='ltr'><strong>petiturum,</strong></span> <span class='ocrx_word' id='word_1_55' title='bbox 974 678 1011 731; x_wconf 89' lang='grc' dir='ltr'><strong>ιιι</strong></span> <span class='ocrx_word' id='word_1_56' title='bbox 1056 668 1233 734; x_wconf 89' lang='lat' dir='ltr'><strong>decederet</strong></span> 
     </span>
     <span class='ocr_line' id='line_1_7' title="bbox 91 749 1232 838; baseline 0.001 -21"><span class='ocrx_word' id='word_1_57' title='bbox 91 755 165 817; x_wconf 90' lang='lat' dir='ltr'><strong>iure</strong></span> <span class='ocrx_word' id='word_1_58' title='bbox 188 773 249 815; x_wconf 91' lang='lat' dir='ltr'><strong>suo</strong></span> <span class='ocrx_word' id='word_1_59' title='bbox 272 750 497 836; x_wconf 87' lang='lat' dir='ltr'><strong>vindicarique</strong></span> <span class='ocrx_word' id='word_1_60' title='bbox 520 749 663 835; x_wconf 85' lang='lat' dir='ltr'><strong>puellam</strong></span> <span class='ocrx_word' id='word_1_61' title='bbox 687 751 910 836; x_wconf 91' lang='lat' dir='ltr'><strong>inposterum</strong></span> <span class='ocrx_word' id='word_1_62' title='bbox 939 753 1025 816; x_wconf 89' lang='lat' dir='ltr'><strong>diem</strong></span> <span class='ocrx_word' id='word_1_63' title='bbox 1049 765 1232 838; x_wconf 80' lang='lat' dir='ltr'><strong>pateretur3</strong></span> 
     </span>
     <span class='ocr_line' id='line_1_8' title="bbox 117 836 1267 922; baseline 0 -20"><span class='ocrx_word' id='word_1_64' title='bbox 117 838 184 902; x_wconf 91' lang='lat' dir='ltr'><strong>uod</strong></span> <span class='ocrx_word' id='word_1_65' title='bbox 227 836 291 900; x_wconf 90' lang='lat' dir='ltr'><strong>nisi</strong></span> <span class='ocrx_word' id='word_1_66' title='bbox 332 845 427 922; x_wconf 88' lang='lat' dir='ltr'><strong>pater</strong></span> <span class='ocrx_word' id='word_1_67' title='bbox 496 846 603 900; x_wconf 89' lang='lat' dir='ltr'><strong>ostero</strong></span> <span class='ocrx_word' id='word_1_68' title='bbox 649 837 702 900; x_wconf 91' lang='lat' dir='ltr'><strong>die</strong></span> <span class='ocrx_word' id='word_1_69' title='bbox 746 838 913 919; x_wconf 82' lang='lat' dir='ltr'><strong>adfuisset,</strong></span> <span class='ocrx_word' id='word_1_70' title='bbox 960 838 1151 904; x_wconf 90' lang='lat' dir='ltr'><strong>denuntiare</strong></span> <span class='ocrx_word' id='word_1_71' title='bbox 1195 855 1267 905; x_wconf 76' lang='lat' dir='ltr'><strong>set</strong></span> 
     </span>
     <span class='ocr_line' id='line_1_9' title="bbox 93 860 1231 1012; baseline 0.003 -23"><span class='ocrx_word' id='word_1_72' title='bbox 93 863 187 989; x_wconf 75' lang='lat' dir='ltr'><strong>leilio</strong></span> <span class='ocrx_word' id='word_1_73' title='bbox 221 919 448 1008; x_wconf 85' lang='lat' dir='ltr'><strong>similibusque</strong></span> <span class='ocrx_word' id='word_1_74' title='bbox 470 860 564 997; x_wconf 85' lang='lat' dir='ltr'><strong>lollii,</strong></span> <span class='ocrx_word' id='word_1_75' title='bbox 602 944 710 1009; x_wconf 90' lang='lat' dir='ltr'><strong>neque</strong></span> <span class='ocrx_word' id='word_1_76' title='bbox 746 922 810 1006; x_wconf 89' lang='lat' dir='ltr'><strong>legi</strong></span> <span class='ocrx_word' id='word_1_77' title='bbox 846 945 925 988; x_wconf 87' lang='lat' dir='ltr'><strong>suae</strong></span> <span class='ocrx_word' id='word_1_78' title='bbox 955 924 1093 990; x_wconf 89' lang='lat' dir='ltr'><strong>latorem</strong></span> <span class='ocrx_word' id='word_1_79' title='bbox 1123 949 1231 1012; x_wconf 86' lang='lat' dir='ltr'><strong>neque</strong></span> 
     </span>
     <span class='ocr_line' id='line_1_10' title="bbox 93 1008 1230 1096; baseline 0.002 -21"><span class='ocrx_word' id='word_1_80' title='bbox 93 1011 284 1075; x_wconf 83' lang='lat' dir='ltr'><strong>decemviro</strong></span> <span class='ocrx_word' id='word_1_81' title='bbox 312 1009 527 1073; x_wconf 84' lang='lat' dir='ltr'><strong>constantiam</strong></span> <span class='ocrx_word' id='word_1_82' title='bbox 560 1008 682 1073; x_wconf 83' lang='lat' dir='ltr'><strong>defore.</strong></span> <span class='ocrx_word' id='word_1_83' title='bbox 714 1030 776 1074; x_wconf 91' lang='lat' dir='ltr'><strong>nec</strong></span> <span class='ocrx_word' id='word_1_84' title='bbox 808 1032 843 1074; x_wconf 91' lang='lat' dir='ltr'><strong>se</strong></span> <span class='ocrx_word' id='word_1_85' title='bbox 875 1012 989 1096; x_wconf 89' lang='lat' dir='ltr'><strong>utique</strong></span> <span class='ocrx_word' id='word_1_86' title='bbox 1021 1012 1230 1096; x_wconf 81' lang='lat' dir='ltr'><strong>conlegarum</strong></span> 
     </span>
     <span class='ocr_line' id='line_1_11' title="bbox 83 1093 1229 1181; baseline 0.003 -21"><span class='ocrx_word' id='word_1_87' title='bbox 83 1097 228 1160; x_wconf 87' lang='lat' dir='ltr'><strong>&#39;lictores</strong></span> <span class='ocrx_word' id='word_1_88' title='bbox 261 1106 515 1160; x_wconf 88' lang='lat' dir='ltr'><strong>convocatumm</strong></span> <span class='ocrx_word' id='word_1_89' title='bbox 554 1093 596 1158; x_wconf 90' lang='lat' dir='ltr'><strong>ad</strong></span> <span class='ocrx_word' id='word_1_90' title='bbox 628 1096 826 1161; x_wconf 90' lang='lat' dir='ltr'><strong>coercendos</strong></span> <span class='ocrx_word' id='word_1_91' title='bbox 860 1097 1027 1161; x_wconf 86' lang='lat' dir='ltr'><strong>seditionis</strong></span> <span class='ocrx_word' id='word_1_92' title='bbox 1064 1110 1229 1181; x_wconf 88' lang='lat' dir='ltr'><strong>auctores;</strong></span> 
     </span>
     <span class='ocr_line' id='line_1_12' title="bbox 92 1179 1266 1271; baseline 0 -23"><span class='ocrx_word' id='word_1_93' title='bbox 92 1191 286 1248; x_wconf 87' lang='lat' dir='ltr'><strong>contentum</strong></span> <span class='ocrx_word' id='word_1_94' title='bbox 323 1203 359 1245; x_wconf 88' lang='lat' dir='ltr'><strong>se</strong></span> <span class='ocrx_word' id='word_1_95' title='bbox 393 1181 458 1244; x_wconf 90' lang='lat' dir='ltr'><strong>suis</strong></span> <span class='ocrx_word' id='word_1_96' title='bbox 494 1179 663 1246; x_wconf 82' lang='lat' dir='ltr'><strong>lictoribus</strong></span> <span class='ocrx_word' id='word_1_97' title='bbox 700 1181 779 1246; x_wconf 91' lang='lat' dir='ltr'><strong>fore.</strong></span> <span class='ocrx_word' id='word_1_98' title='bbox 818 1203 891 1246; x_wconf 90' lang='lat' dir='ltr'><strong>cum</strong></span> <span class='ocrx_word' id='word_1_99' title='bbox 928 1182 1065 1248; x_wconf 89' lang='lat' dir='ltr'><strong>dilatum</strong></span> <span class='ocrx_word' id='word_1_100' title='bbox 1100 1196 1266 1271; x_wconf 77' lang='lat' dir='ltr'><strong>tempuso</strong></span> 
     </span>
     <span class='ocr_line' id='line_1_13' title="bbox 92 1266 1228 1355; baseline 0.003 -22"><span class='ocrx_word' id='word_1_101' title='bbox 92 1270 235 1334; x_wconf 90' lang='lat' dir='ltr'><strong>iniuriae</strong></span> <span class='ocrx_word' id='word_1_102' title='bbox 246 1278 343 1348; x_wconf 86' lang='lat' dir='ltr'><strong>esset,</strong></span> <span class='ocrx_word' id='word_1_103' title='bbox 354 1267 630 1352; x_wconf 77' lang='lat' dir='ltr'><strong>secessissentque</strong></span> <span class='ocrx_word' id='word_1_104' title='bbox 641 1266 789 1332; x_wconf 89' lang='lat' dir='ltr'><strong>advocati</strong></span> <span class='ocrx_word' id='word_1_105' title='bbox 801 1267 940 1353; x_wconf 90' lang='lat' dir='ltr'><strong>puellae,</strong></span> <span class='ocrx_word' id='word_1_106' title='bbox 951 1269 1074 1355; x_wconf 90' lang='lat' dir='ltr'><strong>placuit</strong></span> <span class='ocrx_word' id='word_1_107' title='bbox 1087 1273 1228 1336; x_wconf 92' lang='lat' dir='ltr'><strong>omnium</strong></span> 
     </span>
     <span class='ocr_line' id='line_1_14' title="bbox 91 1351 1228 1442; baseline 0.003 -24"><span class='ocrx_word' id='word_1_108' title='bbox 91 1357 239 1442; x_wconf 90' lang='lat' dir='ltr'><strong>primum</strong></span> <span class='ocrx_word' id='word_1_109' title='bbox 260 1353 395 1418; x_wconf 86' lang='lat' dir='ltr'><strong>fratrem</strong></span> <span class='ocrx_word' id='word_1_110' title='bbox 417 1351 500 1417; x_wconf 92' lang='lat' dir='ltr'><strong>Icilii</strong></span> <span class='ocrx_word' id='word_1_111' title='bbox 522 1351 690 1439; x_wconf 90' lang='lat' dir='ltr'><strong>filiumque</strong></span> <span class='ocrx_word' id='word_1_112' title='bbox 710 1353 893 1436; x_wconf 92' lang='lat' dir='ltr'><strong>Numitorii,</strong></span> <span class='ocrx_word' id='word_1_113' title='bbox 917 1356 1062 1440; x_wconf 82' lang='lat' dir='ltr'><strong>inpigros</strong></span> <span class='ocrx_word' id='word_1_114' title='bbox 1084 1359 1228 1438; x_wconf 90' lang='lat' dir='ltr'><strong>iuvenes,</strong></span> 
     </span>
     <span class='ocr_line' id='line_1_15' title="bbox 117 1439 1228 1529; baseline 0.002 -22"><span class='ocrx_word' id='word_1_115' title='bbox 117 1462 234 1528; x_wconf 88' lang='lat' dir='ltr'><strong>ergere</strong></span> <span class='ocrx_word' id='word_1_116' title='bbox 250 1439 328 1504; x_wconf 91' lang='lat' dir='ltr'><strong>inde</strong></span> <span class='ocrx_word' id='word_1_117' title='bbox 343 1448 434 1503; x_wconf 87' lang='lat' dir='ltr'><strong>recta</strong></span> <span class='ocrx_word' id='word_1_118' title='bbox 455 1440 496 1504; x_wconf 87' lang='lat' dir='ltr'><strong>ad</strong></span> <span class='ocrx_word' id='word_1_119' title='bbox 512 1450 652 1526; x_wconf 88' lang='lat' dir='ltr'><strong>portam,</strong></span> <span class='ocrx_word' id='word_1_120' title='bbox 676 1448 718 1520; x_wconf 93' lang='lat' dir='ltr'><strong>et,</strong></span> <span class='ocrx_word' id='word_1_121' title='bbox 742 1451 899 1526; x_wconf 91' lang='lat' dir='ltr'><strong>quantum</strong></span> <span class='ocrx_word' id='word_1_122' title='bbox 914 1441 1228 1529; x_wconf 86' lang='lat' dir='ltr'><strong>accelerari‘posset,</strong></span> 
     </span>
     <span class='ocr_line' id='line_1_16' title="bbox 90 1465 1265 1613; baseline 0.002 -21"><span class='ocrx_word' id='word_1_123' title='bbox 90 1465 287 1613; x_wconf 45' lang='lat' dir='ltr'><strong>berginium</strong></span> <span class='ocrx_word' id='word_1_124' title='bbox 313 1525 412 1589; x_wconf 86' lang='lat' dir='ltr'><strong>acciri</strong></span> <span class='ocrx_word' id='word_1_125' title='bbox 435 1547 453 1590; x_wconf 91' lang='lat' dir='ltr'><strong>e</strong></span> <span class='ocrx_word' id='word_1_126' title='bbox 477 1526 605 1590; x_wconf 88' lang='lat' dir='ltr'><strong>castris:</strong></span> <span class='ocrx_word' id='word_1_127' title='bbox 633 1525 666 1589; x_wconf 93' lang='lat' dir='ltr'><strong>in</strong></span> <span class='ocrx_word' id='word_1_128' title='bbox 690 1547 728 1590; x_wconf 90' lang='lat' dir='ltr'><strong>eo</strong></span> <span class='ocrx_word' id='word_1_129' title='bbox 750 1527 836 1591; x_wconf 86' lang='lat' dir='ltr'><strong>verti</strong></span> <span class='ocrx_word' id='word_1_130' title='bbox 857 1526 988 1611; x_wconf 84' lang='lat' dir='ltr'><strong>puellae</strong></span> <span class='ocrx_word' id='word_1_131' title='bbox 1019 1528 1167 1608; x_wconf 88' lang='lat' dir='ltr'><strong>salutem,</strong></span> <span class='ocrx_word' id='word_1_132' title='bbox 1202 1532 1228 1594; x_wconf 91' lang='lat' dir='ltr'><strong>si</strong></span> <span class='ocrx_word' id='word_1_133' title='bbox 1248 1547 1265 1594; x_wconf 80' lang='grc'><strong>6</strong></span> 
     </span>
     <span class='ocr_line' id='line_1_17' title="bbox 90 1611 1228 1701; baseline 0 -22"><span class='ocrx_word' id='word_1_134' title='bbox 90 1628 229 1701; x_wconf 86' lang='lat' dir='ltr'><strong>postero</strong></span> <span class='ocrx_word' id='word_1_135' title='bbox 253 1613 308 1676; x_wconf 90' lang='lat' dir='ltr'><strong>die</strong></span> <span class='ocrx_word' id='word_1_136' title='bbox 328 1611 452 1676; x_wconf 85' lang='lat' dir='ltr'><strong>vindex</strong></span> <span class='ocrx_word' id='word_1_137' title='bbox 474 1612 610 1675; x_wconf 87' lang='lat' dir='ltr'><strong>iniuriae</strong></span> <span class='ocrx_word' id='word_1_138' title='bbox 643 1611 685 1674; x_wconf 88' lang='lat' dir='ltr'><strong>ad</strong></span> <span class='ocrx_word' id='word_1_139' title='bbox 706 1621 837 1697; x_wconf 90' lang='lat' dir='ltr'><strong>tempus</strong></span> <span class='ocrx_word' id='word_1_140' title='bbox 860 1625 992 1696; x_wconf 88' lang='lat' dir='ltr'><strong>praesto</strong></span> <span class='ocrx_word' id='word_1_141' title='bbox 1022 1626 1117 1693; x_wconf 80' lang='lat' dir='ltr'><strong>esset.</strong></span> <span class='ocrx_word' id='word_1_142' title='bbox 1149 1617 1228 1680; x_wconf 90' lang='lat' dir='ltr'><strong>iussi</strong></span> 
     </span>
     <span class='ocr_line' id='line_1_18' title="bbox 90 1698 1264 1784; baseline 0.003 -20"><span class='ocrx_word' id='word_1_143' title='bbox 90 1709 236 1784; x_wconf 88' lang='lat' dir='ltr'><strong>pergunt</strong></span> <span class='ocrx_word' id='word_1_144' title='bbox 259 1699 433 1784; x_wconf 88' lang='lat' dir='ltr'><strong>citatisque</strong></span> <span class='ocrx_word' id='word_1_145' title='bbox 456 1720 473 1761; x_wconf 91' lang='lat' dir='ltr'><strong>e</strong></span> <span class='ocrx_word' id='word_1_146' title='bbox 499 1699 549 1761; x_wconf 91' lang='lat' dir='ltr'><strong>uis</strong></span> <span class='ocrx_word' id='word_1_147' title='bbox 571 1698 720 1762; x_wconf 91' lang='lat' dir='ltr'><strong>nuntium</strong></span> <span class='ocrx_word' id='word_1_148' title='bbox 744 1699 785 1760; x_wconf 86' lang='lat' dir='ltr'><strong>ad</strong></span> <span class='ocrx_word' id='word_1_149' title='bbox 808 1708 936 1782; x_wconf 86' lang='lat' dir='ltr'><strong>patrem</strong></span> <span class='ocrx_word' id='word_1_150' title='bbox 950 1699 1130 1784; x_wconf 84' lang='lat' dir='ltr'><strong>perferunt.</strong></span> <span class='ocrx_word' id='word_1_151' title='bbox 1154 1725 1226 1766; x_wconf 91' lang='lat' dir='ltr'><strong>cum</strong></span> <span class='ocrx_word' id='word_1_152' title='bbox 1249 1721 1264 1767; x_wconf 78' lang='grc' dir='ltr'>ι</span> 
     </span>
     <span class='ocr_line' id='line_1_19' title="bbox 90 1721 1319 1871; baseline 0.002 -21"><span class='ocrx_word' id='word_1_153' title='bbox 90 1788 231 1850; x_wconf 84' lang='lat' dir='ltr'><strong>instaret</strong></span> <span class='ocrx_word' id='word_1_154' title='bbox 254 1785 403 1849; x_wconf 84' lang='lat' dir='ltr'><strong>adsertor</strong></span> <span class='ocrx_word' id='word_1_155' title='bbox 425 1721 565 1868; x_wconf 69' lang='lat' dir='ltr'><strong>puellae,</strong></span> <span class='ocrx_word' id='word_1_156' title='bbox 598 1792 636 1847; x_wconf 90' lang='lat' dir='ltr'><strong>ut</strong></span> <span class='ocrx_word' id='word_1_157' title='bbox 656 1783 837 1848; x_wconf 88' lang='lat' dir='ltr'><strong>vindicaret</strong></span> <span class='ocrx_word' id='word_1_158' title='bbox 860 1806 1100 1871; x_wconf 86' lang='lat' dir='ltr'><strong>sponsoresque</strong></span> <span class='ocrx_word' id='word_1_159' title='bbox 1124 1788 1227 1868; x_wconf 87' lang='lat' dir='ltr'><strong>daret,</strong></span> <span class='ocrx_word' id='word_1_160' title='bbox 1316 1802 1319 1808; x_wconf 84' lang='grc'><strong>’</strong></span> 
     </span>
     <span class='ocr_line' id='line_1_20' title="bbox 89 1868 1226 1959; baseline 0 -21"><span class='ocrx_word' id='word_1_161' title='bbox 89 1881 192 1959; x_wconf 85' lang='lat' dir='ltr'><strong>atque</strong></span> <span class='ocrx_word' id='word_1_162' title='bbox 219 1871 254 1936; x_wconf 93' lang='lat' dir='ltr'><strong>id</strong></span> <span class='ocrx_word' id='word_1_163' title='bbox 276 1871 386 1957; x_wconf 91' lang='lat' dir='ltr'><strong>ipsum</strong></span> <span class='ocrx_word' id='word_1_164' title='bbox 417 1872 470 1953; x_wconf 91' lang='lat' dir='ltr'><strong>agi</strong></span> <span class='ocrx_word' id='word_1_165' title='bbox 505 1870 629 1934; x_wconf 90' lang='lat' dir='ltr'><strong>diceret</strong></span> <span class='ocrx_word' id='word_1_166' title='bbox 657 1868 769 1933; x_wconf 90' lang='lat' dir='ltr'><strong>Icilius</strong></span> <span class='ocrx_word' id='word_1_167' title='bbox 801 1869 914 1935; x_wconf 90' lang='lat' dir='ltr'><strong>sedulo</strong></span> <span class='ocrx_word' id='word_1_168' title='bbox 946 1881 1076 1956; x_wconf 90' lang='lat' dir='ltr'><strong>tempus</strong></span> <span class='ocrx_word' id='word_1_169' title='bbox 1107 1882 1226 1956; x_wconf 89' lang='lat' dir='ltr'><strong>terens,</strong></span> 
     </span>
     <span class='ocr_line' id='line_1_21' title="bbox 92 1955 1227 2044; baseline 0.002 -22"><span class='ocrx_word' id='word_1_170' title='bbox 92 1959 173 2023; x_wconf 90' lang='lat' dir='ltr'><strong>dum</strong></span> <span class='ocrx_word' id='word_1_171' title='bbox 196 1959 310 2044; x_wconf 90' lang='lat' dir='ltr'><strong>praeci</strong></span> <span class='ocrx_word' id='word_1_172' title='bbox 335 1965 427 2020; x_wconf 89' lang='lat' dir='ltr'><strong>erent</strong></span> <span class='ocrx_word' id='word_1_173' title='bbox 448 1957 511 2020; x_wconf 92' lang='lat' dir='ltr'><strong>iter</strong></span> <span class='ocrx_word' id='word_1_174' title='bbox 533 1955 637 2020; x_wconf 92' lang='lat' dir='ltr'><strong>nuntii</strong></span> <span class='ocrx_word' id='word_1_175' title='bbox 659 1956 749 2021; x_wconf 91' lang='lat' dir='ltr'><strong>missi</strong></span> <span class='ocrx_word' id='word_1_176' title='bbox 771 1957 804 2019; x_wconf 94' lang='lat' dir='ltr'><strong>in</strong></span> <span class='ocrx_word' id='word_1_177' title='bbox 827 1966 942 2039; x_wconf 86' lang='lat' dir='ltr'><strong>castra,</strong></span> <span class='ocrx_word' id='word_1_178' title='bbox 975 1981 1089 2022; x_wconf 89' lang='lat' dir='ltr'><strong>manus</strong></span> <span class='ocrx_word' id='word_1_179' title='bbox 1112 1960 1227 2024; x_wconf 87' lang='lat' dir='ltr'><strong>tollere</strong></span> 
     </span>
     <span class='ocr_line' id='line_1_22' title="bbox 90 1981 1227 2190; baseline 0.001 -81"><span class='ocrx_word' id='word_1_180' title='bbox 90 2045 240 2131; x_wconf 89' lang='lat' dir='ltr'><strong>undique</strong></span> <span class='ocrx_word' id='word_1_181' title='bbox 262 1981 446 2124; x_wconf 78' lang='lat' dir='ltr'><strong>multitudo,</strong></span> <span class='ocrx_word' id='word_1_182' title='bbox 476 2051 567 2106; x_wconf 82' lang='lat' dir='ltr'><strong>etse</strong></span> <span class='ocrx_word' id='word_1_183' title='bbox 590 2043 728 2190; x_wconf 92' lang='lat' dir='ltr'><strong>quisque</strong></span> <span class='ocrx_word' id='word_1_184' title='bbox 750 2053 901 2130; x_wconf 87' lang='lat' dir='ltr'><strong>paratum</strong></span> <span class='ocrx_word' id='word_1_185' title='bbox 934 2043 975 2108; x_wconf 86' lang='lat' dir='ltr'><strong>ad</strong></span> <span class='ocrx_word' id='word_1_186' title='bbox 999 2047 1227 2132; x_wconf 89' lang='lat' dir='ltr'><strong>spondendum</strong></span> 
     </span>
     <span class='ocr_line' id='line_1_23' title="bbox 90 2127 1263 2215; baseline 0.004 -20"><span class='ocrx_word' id='word_1_187' title='bbox 90 2130 185 2195; x_wconf 93' lang='lat' dir='ltr'><strong>Icilio</strong></span> <span class='ocrx_word' id='word_1_188' title='bbox 219 2130 403 2195; x_wconf 88' lang='lat' dir='ltr'><strong>ostendere.</strong></span> <span class='ocrx_word' id='word_1_189' title='bbox 442 2138 541 2213; x_wconf 91' lang='lat' dir='ltr'><strong>atque</strong></span> <span class='ocrx_word' id='word_1_190' title='bbox 579 2128 634 2191; x_wconf 90' lang='lat' dir='ltr'><strong>ile</strong></span> <span class='ocrx_word' id='word_1_191' title='bbox 666 2127 932 2193; x_wconf 85' lang='lat' dir='ltr'><strong>lacrimabundus</strong></span> <span class='ocrx_word' id='word_1_192' title='bbox 970 2142 1118 2215; x_wconf 84' lang='lat' dir='ltr'><strong>„gratum</strong></span> <span class='ocrx_word' id='word_1_193' title='bbox 1156 2133 1263 2200; x_wconf 80' lang='lat' dir='ltr'><strong>est“8</strong></span> 
     </span>
     <span class='ocr_line' id='line_1_24' title="bbox 90 2214 1227 2303; baseline 0.003 -21"><span class='ocrx_word' id='word_1_194' title='bbox 90 2218 213 2303; x_wconf 87' lang='lat' dir='ltr'><strong>inquit;</strong></span> <span class='ocrx_word' id='word_1_195' title='bbox 240 2217 401 2300; x_wconf 84' lang='lat' dir='ltr'><strong>,crastina</strong></span> <span class='ocrx_word' id='word_1_196' title='bbox 417 2214 470 2278; x_wconf 91' lang='lat' dir='ltr'><strong>die</strong></span> <span class='ocrx_word' id='word_1_197' title='bbox 485 2223 597 2278; x_wconf 85' lang='lat' dir='ltr'><strong>vestra</strong></span> <span class='ocrx_word' id='word_1_198' title='bbox 612 2236 712 2302; x_wconf 91' lang='lat' dir='ltr'><strong>opera</strong></span> <span class='ocrx_word' id='word_1_199' title='bbox 727 2225 809 2294; x_wconf 88' lang='lat' dir='ltr'><strong>utar,</strong></span> <span class='ocrx_word' id='word_1_200' title='bbox 833 2238 1025 2303; x_wconf 90' lang='lat' dir='ltr'><strong>sponsorum</strong></span> <span class='ocrx_word' id='word_1_201' title='bbox 1046 2240 1133 2282; x_wconf 90' lang='lat' dir='ltr'><strong>nunc</strong></span> <span class='ocrx_word' id='word_1_202' title='bbox 1150 2222 1227 2285; x_wconf 90' lang='lat' dir='ltr'><strong>satis</strong></span> 
     </span>
     <span class='ocr_line' id='line_1_25' title="bbox 92 2299 1261 2390; baseline 0.006 -23"><span class='ocrx_word' id='word_1_203' title='bbox 92 2305 174 2368; x_wconf 85' lang='lat' dir='ltr'><strong>est“.</strong></span> <span class='ocrx_word' id='word_1_204' title='bbox 190 2304 238 2367; x_wconf 82' lang='lat' dir='ltr'><strong>ita</strong></span> <span class='ocrx_word' id='word_1_205' title='bbox 252 2302 437 2366; x_wconf 85' lang='lat' dir='ltr'><strong>vindicatur</strong></span> <span class='ocrx_word' id='word_1_206' title='bbox 450 2299 608 2385; x_wconf 84' lang='lat' dir='ltr'><strong>Verginia</strong></span> <span class='ocrx_word' id='word_1_207' title='bbox 623 2300 862 2384; x_wconf 89' lang='lat' dir='ltr'><strong>spondentibus</strong></span> <span class='ocrx_word' id='word_1_208' title='bbox 878 2305 1080 2388; x_wconf 88' lang='lat' dir='ltr'><strong>propinquis.</strong></span> <span class='ocrx_word' id='word_1_209' title='bbox 1096 2304 1226 2390; x_wconf 87' lang='lat' dir='ltr'><strong>Appius</strong></span> <span class='ocrx_word' id='word_1_210' title='bbox 1245 2327 1261 2374; x_wconf 80' lang='lat'>9</span> 
     </span>
     <span class='ocr_line' id='line_1_26' title="bbox 91 2388 1227 2477; baseline 0.003 -24"><span class='ocrx_word' id='word_1_211' title='bbox 91 2388 260 2477; x_wconf 90' lang='lat' dir='ltr'><strong>paulisper</strong></span> <span class='ocrx_word' id='word_1_212' title='bbox 281 2397 436 2464; x_wconf 87' lang='lat' dir='ltr'><strong>moratus,</strong></span> <span class='ocrx_word' id='word_1_213' title='bbox 458 2409 500 2451; x_wconf 92' lang='lat' dir='ltr'><strong>ne</strong></span> <span class='ocrx_word' id='word_1_214' title='bbox 524 2388 592 2451; x_wconf 91' lang='lat' dir='ltr'><strong>eius</strong></span> <span class='ocrx_word' id='word_1_215' title='bbox 614 2388 663 2450; x_wconf 91' lang='lat' dir='ltr'><strong>rei</strong></span> <span class='ocrx_word' id='word_1_216' title='bbox 678 2409 778 2450; x_wconf 86' lang='lat' dir='ltr'><strong>causa</strong></span> <span class='ocrx_word' id='word_1_217' title='bbox 800 2388 924 2452; x_wconf 89' lang='lat' dir='ltr'><strong>sedisse</strong></span> <span class='ocrx_word' id='word_1_218' title='bbox 938 2388 1117 2467; x_wconf 87' lang='lat' dir='ltr'><strong>videretur,</strong></span> <span class='ocrx_word' id='word_1_219' title='bbox 1140 2403 1227 2477; x_wconf 91' lang='lat' dir='ltr'><strong>post·</strong></span> 
     </span>
     <span class='ocr_line' id='line_1_27' title="bbox 117 2472 1225 2559; baseline 0.001 -20"><span class='ocrx_word' id='word_1_220' title='bbox 117 2485 193 2540; x_wconf 87' lang='lat' dir='ltr'><strong>uam</strong></span> <span class='ocrx_word' id='word_1_221' title='bbox 227 2475 354 2538; x_wconf 90' lang='lat' dir='ltr'><strong>omissis</strong></span> <span class='ocrx_word' id='word_1_222' title='bbox 385 2474 484 2538; x_wconf 90' lang='lat' dir='ltr'><strong>rebus</strong></span> <span class='ocrx_word' id='word_1_223' title='bbox 520 2472 590 2536; x_wconf 89' lang='lat' dir='ltr'><strong>aliis</strong></span> <span class='ocrx_word' id='word_1_224' title='bbox 622 2495 702 2559; x_wconf 89' lang='lat' dir='ltr'><strong>prae</strong></span> <span class='ocrx_word' id='word_1_225' title='bbox 743 2495 820 2536; x_wconf 92' lang='lat' dir='ltr'><strong>cura</strong></span> <span class='ocrx_word' id='word_1_226' title='bbox 851 2475 945 2538; x_wconf 91' lang='lat' dir='ltr'><strong>unius</strong></span> <span class='ocrx_word' id='word_1_227' title='bbox 976 2495 1072 2538; x_wconf 91' lang='lat' dir='ltr'><strong>nemo</strong></span> <span class='ocrx_word' id='word_1_228' title='bbox 1104 2477 1225 2559; x_wconf 86' lang='lat' dir='ltr'><strong>adibat,</strong></span> 
     </span>
     <span class='ocr_line' id='line_1_28' title="bbox 92 2497 1224 2647; baseline 0.002 -21"><span class='ocrx_word' id='word_1_229' title='bbox 92 2497 228 2626; x_wconf 78' lang='lat' dir='ltr'><strong>domum</strong></span> <span class='ocrx_word' id='word_1_230' title='bbox 251 2583 286 2624; x_wconf 90' lang='lat' dir='ltr'><strong>se</strong></span> <span class='ocrx_word' id='word_1_231' title='bbox 309 2560 433 2647; x_wconf 90' lang='lat' dir='ltr'><strong>recepit</strong></span> <span class='ocrx_word' id='word_1_232' title='bbox 456 2559 666 2646; x_wconf 84' lang='lat' dir='ltr'><strong>conlegisque</strong></span> <span class='ocrx_word' id='word_1_233' title='bbox 688 2560 722 2622; x_wconf 91' lang='lat' dir='ltr'><strong>in</strong></span> <span class='ocrx_word' id='word_1_234' title='bbox 745 2570 851 2623; x_wconf 89' lang='lat' dir='ltr'><strong>castra</strong></span> <span class='ocrx_word' id='word_1_235' title='bbox 866 2560 989 2641; x_wconf 88' lang='lat' dir='ltr'><strong>scribit,</strong></span> <span class='ocrx_word' id='word_1_236' title='bbox 1013 2582 1055 2625; x_wconf 91' lang='lat' dir='ltr'><strong>ne</strong></span> <span class='ocrx_word' id='word_1_237' title='bbox 1070 2560 1224 2646; x_wconf 86' lang='lat' dir='ltr'><strong>Verginio</strong></span> 
     </span>
     <span class='ocr_line' id='line_1_29' title="bbox 91 2645 1277 2735; baseline -0.004 -22"><span class='ocrx_word' id='word_1_238' title='bbox 91 2655 311 2713; x_wconf 89' lang='lat' dir='ltr'><strong>commeatum</strong></span> <span class='ocrx_word' id='word_1_239' title='bbox 335 2645 412 2709; x_wconf 93' lang='lat' dir='ltr'><strong>dent</strong></span> <span class='ocrx_word' id='word_1_240' title='bbox 427 2656 526 2732; x_wconf 88' lang='lat' dir='ltr'><strong>atque</strong></span> <span class='ocrx_word' id='word_1_241' title='bbox 542 2645 640 2710; x_wconf 89' lang='lat' dir='ltr'><strong>etiam</strong></span> <span class='ocrx_word' id='word_1_242' title='bbox 661 2646 694 2709; x_wconf 92' lang='lat' dir='ltr'><strong>in</strong></span> <span class='ocrx_word' id='word_1_243' title='bbox 710 2646 860 2709; x_wconf 87' lang='lat' dir='ltr'><strong>custodia</strong></span> <span class='ocrx_word' id='word_1_244' title='bbox 875 2646 1027 2710; x_wconf 88' lang='lat' dir='ltr'><strong>habeant.</strong></span> <span class='ocrx_word' id='word_1_245' title='bbox 1051 2648 1225 2735; x_wconf 90' lang='lat' dir='ltr'><strong>inprobum</strong></span> <span class='ocrx_word' id='word_1_246' title='bbox 1244 2660 1277 2708; x_wconf 92' lang='lat'><strong>10</strong></span> 
     </span>
     <span class='ocr_line' id='line_1_30' title="bbox 91 2730 1224 2823; baseline 0.002 -25"><span class='ocrx_word' id='word_1_247' title='bbox 91 2734 263 2799; x_wconf 91' lang='lat' dir='ltr'><strong>consilium</strong></span> <span class='ocrx_word' id='word_1_248' title='bbox 288 2754 406 2814; x_wconf 91' lang='lat' dir='ltr'><strong>serum,</strong></span> <span class='ocrx_word' id='word_1_249' title='bbox 429 2741 465 2797; x_wconf 90' lang='lat' dir='ltr'><strong>nt</strong></span> <span class='ocrx_word' id='word_1_250' title='bbox 488 2730 610 2813; x_wconf 89' lang='lat' dir='ltr'><strong>debuit,</strong></span> <span class='ocrx_word' id='word_1_251' title='bbox 633 2732 704 2814; x_wconf 86' lang='lat' dir='ltr'><strong>fuit,</strong></span> <span class='ocrx_word' id='word_1_252' title='bbox 736 2741 769 2797; x_wconf 89' lang='lat' dir='ltr'><strong>et</strong></span> <span class='ocrx_word' id='word_1_253' title='bbox 791 2733 855 2795; x_wconf 90' lang='lat' dir='ltr'><strong>iam</strong></span> <span class='ocrx_word' id='word_1_254' title='bbox 880 2743 1064 2798; x_wconf 86' lang='lat' dir='ltr'><strong>commeatu</strong></span> <span class='ocrx_word' id='word_1_255' title='bbox 1095 2747 1224 2823; x_wconf 90' lang='lat' dir='ltr'><strong>sumpto</strong></span> 
     </span>
     <span class='ocr_line' id='line_1_31' title="bbox 91 2817 1224 2906; baseline 0.003 -22"><span class='ocrx_word' id='word_1_256' title='bbox 91 2819 258 2906; x_wconf 87' lang='lat' dir='ltr'><strong>profectus</strong></span> <span class='ocrx_word' id='word_1_257' title='bbox 272 2819 448 2903; x_wconf 86' lang='lat' dir='ltr'><strong>Verginius</strong></span> <span class='ocrx_word' id='word_1_258' title='bbox 470 2818 576 2903; x_wconf 92' lang='lat' dir='ltr'><strong>prima</strong></span> <span class='ocrx_word' id='word_1_259' title='bbox 589 2817 701 2898; x_wconf 83' lang='lat' dir='ltr'><strong>vigilia</strong></span> <span class='ocrx_word' id='word_1_260' title='bbox 717 2828 795 2896; x_wconf 88' lang='lat' dir='ltr'><strong>erat,</strong></span> <span class='ocrx_word' id='word_1_261' title='bbox 820 2842 893 2885; x_wconf 91' lang='lat' dir='ltr'><strong>cum</strong></span> <span class='ocrx_word' id='word_1_262' title='bbox 910 2831 1042 2904; x_wconf 90' lang='lat' dir='ltr'><strong>postero</strong></span> <span class='ocrx_word' id='word_1_263' title='bbox 1061 2820 1114 2885; x_wconf 91' lang='lat' dir='ltr'><strong>die</strong></span> <span class='ocrx_word' id='word_1_264' title='bbox 1129 2845 1224 2887; x_wconf 89' lang='lat' dir='ltr'><strong>mane</strong></span> 
     </span>
     <span class='ocr_line' id='line_1_32' title="bbox 93 2904 981 2990; baseline 0.001 -20"><span class='ocrx_word' id='word_1_265' title='bbox 93 2907 134 2972; x_wconf 94' lang='lat' dir='ltr'><strong>de</strong></span> <span class='ocrx_word' id='word_1_266' title='bbox 157 2905 329 2971; x_wconf 90' lang='lat' dir='ltr'><strong>retinendo</strong></span> <span class='ocrx_word' id='word_1_267' title='bbox 353 2926 391 2970; x_wconf 90' lang='lat' dir='ltr'><strong>eo</strong></span> <span class='ocrx_word' id='word_1_268' title='bbox 414 2906 614 2990; x_wconf 90' lang='lat' dir='ltr'><strong>nequiquam</strong></span> <span class='ocrx_word' id='word_1_269' title='bbox 637 2904 767 2969; x_wconf 81' lang='lat' dir='ltr'><strong>litterae</strong></span> <span class='ocrx_word' id='word_1_270' title='bbox 789 2906 981 2971; x_wconf 90' lang='lat' dir='ltr'><strong>redduntur.</strong></span> 
     </span>
    </p>

    <p class='ocr_par' dir='ltr' id='par_1_3' title="bbox 81 2989 1271 3939">
     <span class='ocr_line' id='line_1_33' title="bbox 195 2989 1255 3074; baseline -0.002 -18"><span class='ocrx_word' id='word_1_271' title='bbox 195 2989 337 3056; x_wconf 88' lang='lat' dir='ltr'>XLVII.</span> <span class='ocrx_word' id='word_1_272' title='bbox 362 2992 406 3053; x_wconf 92' lang='lat' dir='ltr'><strong>At</strong></span> <span class='ocrx_word' id='word_1_273' title='bbox 435 2992 468 3054; x_wconf 94' lang='lat' dir='ltr'><strong>in</strong></span> <span class='ocrx_word' id='word_1_274' title='bbox 500 2990 583 3054; x_wconf 91' lang='lat' dir='ltr'><strong>urbe</strong></span> <span class='ocrx_word' id='word_1_275' title='bbox 614 2992 719 3074; x_wconf 84' lang='lat' dir='ltr'><strong>prima</strong></span> <span class='ocrx_word' id='word_1_276' title='bbox 750 2991 822 3055; x_wconf 86' lang='lat' dir='ltr'><strong>luce</strong></span> <span class='ocrx_word' id='word_1_277' title='bbox 846 3015 917 3056; x_wconf 91' lang='lat' dir='ltr'><strong>cum</strong></span> <span class='ocrx_word' id='word_1_278' title='bbox 953 2993 1068 3057; x_wconf 90' lang='lat' dir='ltr'><strong>civitas</strong></span> <span class='ocrx_word' id='word_1_279' title='bbox 1090 2995 1123 3057; x_wconf 90' lang='lat' dir='ltr'><strong>in</strong></span> <span class='ocrx_word' id='word_1_280' title='bbox 1154 2995 1255 3058; x_wconf 77' lang='lat' dir='ltr'><strong>foro]</strong></span> 
     </span>
     <span class='ocr_line' id='line_1_34' title="bbox 92 3075 1224 3164; baseline -0.002 -20"><span class='ocrx_word' id='word_1_281' title='bbox 92 3079 322 3164; x_wconf 84' lang='lat' dir='ltr'><strong>expectatione</strong></span> <span class='ocrx_word' id='word_1_282' title='bbox 338 3087 449 3140; x_wconf 90' lang='lat' dir='ltr'><strong>erecta</strong></span> <span class='ocrx_word' id='word_1_283' title='bbox 471 3086 581 3150; x_wconf 88' lang='lat' dir='ltr'><strong>staret,</strong></span> <span class='ocrx_word' id='word_1_284' title='bbox 597 3075 772 3160; x_wconf 86' lang='lat' dir='ltr'><strong>Verginius</strong></span> <span class='ocrx_word' id='word_1_285' title='bbox 795 3079 982 3143; x_wconf 87' lang='lat' dir='ltr'><strong>sordidatus</strong></span> <span class='ocrx_word' id='word_1_286' title='bbox 997 3076 1098 3142; x_wconf 89' lang='lat' dir='ltr'><strong>filiam</strong></span> <span class='ocrx_word' id='word_1_287' title='bbox 1114 3102 1224 3143; x_wconf 90' lang='lat' dir='ltr'><strong>secum</strong></span> 
     </span>
     <span class='ocr_line' id='line_1_35' title="bbox 92 3162 1225 3250; baseline -0.002 -20"><span class='ocrx_word' id='word_1_288' title='bbox 92 3163 243 3231; x_wconf 91' lang='lat' dir='ltr'><strong>obsoleta</strong></span> <span class='ocrx_word' id='word_1_289' title='bbox 273 3173 366 3228; x_wconf 89' lang='lat' dir='ltr'><strong>veste</strong></span> <span class='ocrx_word' id='word_1_290' title='bbox 400 3162 626 3228; x_wconf 88' lang='lat' dir='ltr'><strong>comitantibus</strong></span> <span class='ocrx_word' id='word_1_291' title='bbox 658 3163 782 3250; x_wconf 86' lang='lat' dir='ltr'><strong>aliquot</strong></span> <span class='ocrx_word' id='word_1_292' title='bbox 812 3166 967 3230; x_wconf 88' lang='lat' dir='ltr'><strong>matronis</strong></span> <span class='ocrx_word' id='word_1_293' title='bbox 999 3187 1073 3229; x_wconf 94' lang='lat' dir='ltr'><strong>cum</strong></span> <span class='ocrx_word' id='word_1_294' title='bbox 1104 3167 1225 3248; x_wconf 85' lang='lat' dir='ltr'><strong>ingenti</strong></span> 
     </span>
     <span class='ocr_line' id='line_1_36' title="bbox 92 3248 1260 3337; baseline 0 -23"><span class='ocrx_word' id='word_1_295' title='bbox 92 3251 308 3316; x_wconf 88' lang='lat' dir='ltr'><strong>advocatione</strong></span> <span class='ocrx_word' id='word_1_296' title='bbox 339 3249 372 3312; x_wconf 92' lang='lat' dir='ltr'><strong>in</strong></span> <span class='ocrx_word' id='word_1_297' title='bbox 402 3249 509 3314; x_wconf 91' lang='lat' dir='ltr'><strong>forum</strong></span> <span class='ocrx_word' id='word_1_298' title='bbox 544 3248 686 3313; x_wconf 90' lang='lat' dir='ltr'><strong>deducit.</strong></span> <span class='ocrx_word' id='word_1_299' title='bbox 725 3251 894 3314; x_wconf 91' lang='lat' dir='ltr'><strong>circumire</strong></span> <span class='ocrx_word' id='word_1_300' title='bbox 927 3251 973 3315; x_wconf 92' lang='lat' dir='ltr'><strong>ibi</strong></span> <span class='ocrx_word' id='word_1_301' title='bbox 1005 3259 1038 3315; x_wconf 91' lang='lat' dir='ltr'><strong>et</strong></span> <span class='ocrx_word' id='word_1_302' title='bbox 1068 3274 1260 3337; x_wconf 66' lang='lat' dir='ltr'><strong>prensaret</strong></span> 
     </span>
     <span class='ocr_line' id='line_1_37' title="bbox 91 3334 1224 3422; baseline 0.001 -22"><span class='ocrx_word' id='word_1_303' title='bbox 91 3337 238 3401; x_wconf 90' lang='lat' dir='ltr'><strong>homines</strong></span> <span class='ocrx_word' id='word_1_304' title='bbox 261 3336 370 3422; x_wconf 91' lang='lat' dir='ltr'><strong>coepit</strong></span> <span class='ocrx_word' id='word_1_305' title='bbox 402 3345 434 3399; x_wconf 91' lang='lat' dir='ltr'><strong>et</strong></span> <span class='ocrx_word' id='word_1_306' title='bbox 465 3357 529 3400; x_wconf 93' lang='lat' dir='ltr'><strong>non</strong></span> <span class='ocrx_word' id='word_1_307' title='bbox 560 3356 655 3399; x_wconf 88' lang='lat' dir='ltr'><strong>orare</strong></span> <span class='ocrx_word' id='word_1_308' title='bbox 677 3334 781 3399; x_wconf 88' lang='lat' dir='ltr'><strong>solum</strong></span> <span class='ocrx_word' id='word_1_309' title='bbox 814 3339 995 3422; x_wconf 88' lang='lat' dir='ltr'><strong>precariam</strong></span> <span class='ocrx_word' id='word_1_310' title='bbox 1028 3358 1133 3422; x_wconf 90' lang='lat' dir='ltr'><strong>opem,</strong></span> <span class='ocrx_word' id='word_1_311' title='bbox 1166 3338 1224 3402; x_wconf 89' lang='lat' dir='ltr'><strong>sed</strong></span> 
     </span>
     <span class='ocr_line' id='line_1_38' title="bbox 81 3420 1224 3509; baseline 0.002 -23"><span class='ocrx_word' id='word_1_312' title='bbox 81 3446 150 3509; x_wconf 51' lang='lat' dir='ltr'><strong>¹pro</strong></span> <span class='ocrx_word' id='word_1_313' title='bbox 170 3423 281 3487; x_wconf 89' lang='lat' dir='ltr'><strong>debita</strong></span> <span class='ocrx_word' id='word_1_314' title='bbox 296 3420 423 3508; x_wconf 88' lang='lat' dir='ltr'><strong>petere:</strong></span> <span class='ocrx_word' id='word_1_315' title='bbox 448 3444 483 3486; x_wconf 91' lang='lat' dir='ltr'><strong>se</strong></span> <span class='ocrx_word' id='word_1_316' title='bbox 505 3443 564 3505; x_wconf 90' lang='lat' dir='ltr'><strong>pro</strong></span> <span class='ocrx_word' id='word_1_317' title='bbox 581 3421 692 3485; x_wconf 90' lang='lat' dir='ltr'><strong>liberis</strong></span> <span class='ocrx_word' id='word_1_318' title='bbox 716 3443 829 3485; x_wconf 91' lang='lat' dir='ltr'><strong>eorum</strong></span> <span class='ocrx_word' id='word_1_319' title='bbox 844 3444 882 3485; x_wconf 87' lang='lat' dir='ltr'><strong>ac</strong></span> <span class='ocrx_word' id='word_1_320' title='bbox 899 3422 1090 3508; x_wconf 90' lang='lat' dir='ltr'><strong>coniugibus</strong></span> <span class='ocrx_word' id='word_1_321' title='bbox 1106 3424 1224 3488; x_wconf 90' lang='lat' dir='ltr'><strong>cotidie</strong></span> 
     </span>
     <span class='ocr_line' id='line_1_39' title="bbox 91 3506 1224 3590; baseline 0.001 -18"><span class='ocrx_word' id='word_1_322' title='bbox 91 3513 123 3572; x_wconf 92' lang='lat' dir='ltr'><strong>in</strong></span> <span class='ocrx_word' id='word_1_323' title='bbox 145 3510 217 3574; x_wconf 84' lang='lat' dir='ltr'><strong>acie</strong></span> <span class='ocrx_word' id='word_1_324' title='bbox 241 3518 337 3590; x_wconf 89' lang='lat' dir='ltr'><strong>stare,</strong></span> <span class='ocrx_word' id='word_1_325' title='bbox 369 3530 430 3571; x_wconf 87' lang='lat' dir='ltr'><strong>neo</strong></span> <span class='ocrx_word' id='word_1_326' title='bbox 463 3506 562 3572; x_wconf 89' lang='lat' dir='ltr'><strong>alium</strong></span> <span class='ocrx_word' id='word_1_327' title='bbox 585 3509 691 3571; x_wconf 88' lang='lat' dir='ltr'><strong>vimm</strong></span> <span class='ocrx_word' id='word_1_328' title='bbox 715 3529 797 3586; x_wconf 89' lang='lat' dir='ltr'><strong>esse,</strong></span> <span class='ocrx_word' id='word_1_329' title='bbox 831 3507 921 3573; x_wconf 91' lang='lat' dir='ltr'><strong>cuius</strong></span> <span class='ocrx_word' id='word_1_330' title='bbox 945 3519 1075 3573; x_wconf 87' lang='lat' dir='ltr'><strong>strenue</strong></span> <span class='ocrx_word' id='word_1_331' title='bbox 1099 3531 1138 3573; x_wconf 88' lang='lat' dir='ltr'><strong>ac</strong></span> <span class='ocrx_word' id='word_1_332' title='bbox 1160 3510 1224 3575; x_wconf 84' lang='lat' dir='ltr'><strong>for·</strong></span> 
     </span>
     <span class='ocr_line' id='line_1_40' title="bbox 90 3593 1224 3680; baseline 0.002 -21"><span class='ocrx_word' id='word_1_333' title='bbox 90 3596 166 3661; x_wconf 90' lang='lat' dir='ltr'><strong>titer</strong></span> <span class='ocrx_word' id='word_1_334' title='bbox 187 3594 276 3659; x_wconf 87' lang='lat' dir='ltr'><strong>facta</strong></span> <span class='ocrx_word' id='word_1_335' title='bbox 298 3596 330 3658; x_wconf 92' lang='lat' dir='ltr'><strong>in</strong></span> <span class='ocrx_word' id='word_1_336' title='bbox 353 3593 439 3658; x_wconf 92' lang='lat' dir='ltr'><strong>bello</strong></span> <span class='ocrx_word' id='word_1_337' title='bbox 464 3594 558 3679; x_wconf 87' lang='lat' dir='ltr'><strong>plura</strong></span> <span class='ocrx_word' id='word_1_338' title='bbox 579 3595 752 3657; x_wconf 87' lang='lat' dir='ltr'><strong>memorari</strong></span> <span class='ocrx_word' id='word_1_339' title='bbox 775 3604 922 3679; x_wconf 82' lang='lat' dir='ltr'><strong>possent3</strong></span> <span class='ocrx_word' id='word_1_340' title='bbox 954 3595 1032 3680; x_wconf 93' lang='lat' dir='ltr'><strong>quid</strong></span> <span class='ocrx_word' id='word_1_341' title='bbox 1056 3596 1224 3680; x_wconf 89' lang='lat' dir='ltr'><strong>prodesse,</strong></span> 
     </span>
     <span class='ocr_line' id='line_1_41' title="bbox 90 3677 1223 3766; baseline 0.003 -21"><span class='ocrx_word' id='word_1_342' title='bbox 90 3681 117 3745; x_wconf 90' lang='lat' dir='ltr'><strong>si</strong></span> <span class='ocrx_word' id='word_1_343' title='bbox 140 3677 296 3746; x_wconf 87' lang='lat' dir='ltr'><strong>incolumi</strong></span> <span class='ocrx_word' id='word_1_344' title='bbox 318 3680 412 3758; x_wconf 91' lang='lat' dir='ltr'><strong>urbe,</strong></span> <span class='ocrx_word' id='word_1_345' title='bbox 448 3701 531 3766; x_wconf 89' lang='lat' dir='ltr'><strong>quae</strong></span> <span class='ocrx_word' id='word_1_346' title='bbox 555 3690 650 3766; x_wconf 89' lang='lat' dir='ltr'><strong>capta</strong></span> <span class='ocrx_word' id='word_1_347' title='bbox 674 3679 787 3744; x_wconf 88' lang='lat' dir='ltr'><strong>ultima</strong></span> <span class='ocrx_word' id='word_1_348' title='bbox 808 3682 992 3762; x_wconf 89' lang='lat' dir='ltr'><strong>timeantur,</strong></span> <span class='ocrx_word' id='word_1_349' title='bbox 1023 3681 1135 3747; x_wconf 90' lang='lat' dir='ltr'><strong>liberis</strong></span> <span class='ocrx_word' id='word_1_350' title='bbox 1158 3684 1223 3748; x_wconf 90' lang='lat' dir='ltr'><strong>suis</strong></span> 
     </span>
     <span class='ocr_line' id='line_1_42' title="bbox 89 3765 1258 3853; baseline -0.003 -21"><span class='ocrx_word' id='word_1_351' title='bbox 89 3768 152 3832; x_wconf 90' lang='lat' dir='ltr'><strong>sint</strong></span> <span class='ocrx_word' id='word_1_352' title='bbox 168 3765 344 3853; x_wconf 83' lang='lat' dir='ltr'><strong>patienda?</strong></span> <span class='ocrx_word' id='word_1_353' title='bbox 361 3767 441 3830; x_wconf 90' lang='lat' dir='ltr'><strong>baec</strong></span> <span class='ocrx_word' id='word_1_354' title='bbox 451 3787 554 3851; x_wconf 92' lang='lat' dir='ltr'><strong>prope</strong></span> <span class='ocrx_word' id='word_1_355' title='bbox 570 3766 851 3831; x_wconf 90' lang='lat' dir='ltr'><strong>contionabundus</strong></span> <span class='ocrx_word' id='word_1_356' title='bbox 864 3767 1055 3832; x_wconf 90' lang='lat' dir='ltr'><strong>circumibat</strong></span> <span class='ocrx_word' id='word_1_357' title='bbox 1066 3768 1222 3834; x_wconf 88' lang='lat' dir='ltr'><strong>homines.</strong></span> <span class='ocrx_word' id='word_1_358' title='bbox 1242 3781 1258 3829; x_wconf 81' lang='lat'><strong>3</strong></span> 
     </span>
     <span class='ocr_line' id='line_1_43' title="bbox 88 3851 1271 3939; baseline -0.001 -23"><span class='ocrx_word' id='word_1_359' title='bbox 88 3853 206 3919; x_wconf 91' lang='lat' dir='ltr'><strong>similia</strong></span> <span class='ocrx_word' id='word_1_360' title='bbox 229 3853 280 3917; x_wconf 94' lang='lat' dir='ltr'><strong>his</strong></span> <span class='ocrx_word' id='word_1_361' title='bbox 307 3852 349 3917; x_wconf 84' lang='lat' dir='ltr'><strong>ab</strong></span> <span class='ocrx_word' id='word_1_362' title='bbox 370 3852 463 3917; x_wconf 87' lang='lat' dir='ltr'><strong>Icilio</strong></span> <span class='ocrx_word' id='word_1_363' title='bbox 493 3851 710 3918; x_wconf 75' lang='lat' dir='ltr'><strong>iaciebantur.</strong></span> <span class='ocrx_word' id='word_1_364' title='bbox 749 3854 929 3921; x_wconf 67' lang='lat' dir='ltr'><strong>comitatus,</strong></span> <span class='ocrx_word' id='word_1_365' title='bbox 951 3854 1125 3921; x_wconf 82' lang='lat' dir='ltr'><strong>muliebris</strong></span> <span class='ocrx_word' id='word_1_366' title='bbox 1150 3854 1271 3939; x_wconf 65' lang='lat' dir='ltr'><strong>pluat.</strong></span> 
     </span>
    </p>
   </div>
   <div class='ocr_carea' id='block_1_3' title="bbox 0 0 1374 4146">
    <p class='ocr_par' dir='ltr' id='par_1_4' title="bbox 0 0 1374 4146">
     <span class='ocr_line' id='line_1_44' title="bbox 0 0 1374 4146; baseline 0 0"><span class='ocrx_word' id='word_1_367' title='bbox 0 0 1374 4146; x_wconf 95' lang='lat' dir='ltr'><strong> </strong></span> 
     </span>
    </p>
   </div>
  </div>
 </body>
</html>
