2738 4146
323 102 431 152 arasa
448 104 521 152 aar.
543 103 620 152 car.
639 105 665 153 c.
684 105 709 154 r.
727 105 751 153 a.
771 102 805 170 [a.
823 103 856 154 u.
875 119 898 153 ο.
916 103 986 169 aaa
1181 90 1242 148 113

55 272 169 362 populi
205 272 344 338 Romani
385 276 603 359 querimonias
640 274 815 358 deferrent,
852 311 893 321 -
932 275 993 338 bac
1030 274 1226 358 legationes

55 362 190 425 decreta
226 361 365 424 necdum
402 361 500 424 missa
536 361 680 424 omnium
724 383 781 448 spe
826 360 963 425 celerius
1011 360 1191 444 Saguntum

55 447 239 533 oppugnari
264 444 396 510 allatum
419 454 478 511 est.
515 455 602 510 tunc‘
615 445 718 510 relata
742 447 782 510 de
805 447 930 531 integro
956 469 1009 510 res
1032 448 1075 511 ad
1099 462 1225 510 sena-s

53 543 141 614 tum3
165 531 275 595 etalii
298 532 479 616 prov-incias
502 532 689 597 consulibus
711 532 902 618 Hispaniam
925 543 1023 617 atque
1044 531 1190 596 Africam

55 619 272 684 decernentes
302 629 391 683 terra
421 620 568 703 marique
599 641 668 683 rem
700 620 876 701 gerendam
915 619 1102 701 censebant,
1136 619 1190 682 alii

54 713 160 770 totum
197 705 230 767 in
262 703 456 789 Hispaniam
487 704 771 790 Hannibalemque
806 704 1021 769 intendebant
1053 704 1190 787 bellum3

55 800 159 874 erant,
183 791 239 873 qui
253 812 319 855 non
332 799 456 855 temere
471 792 665 856 movendam
680 813 748 854 rem
765 801 886 854 tantam
903 792 1190 876 expectandosque
1212 805 1226 852 7

56 901 100 942 ex
121 876 282 962 Hispania
302 875 428 960 legatos
444 885 623 942 censerent.
640 876 721 941 haec
737 879 905 959 sententia,
930 898 1014 961 quae
1029 877 1192 940 tutissima
1212 893 1228 942 8

56 962 242 1045 videbatur,
275 963 366 1042 vicit3
398 960 498 1046 legati
523 985 564 1027 ue
597 985 635 1027 eo
658 964 815 1026 maturius
847 965 947 1043 missi,
980 963 1016 1025 P.
1040 961 1191 1027 Valerius

54 1048 197 1114 Flaccus
220 1058 252 1112 et
275 1047 315 1128 Q.
339 1047 481 1113 Baebius
495 985 696 1136 lamphilus,
719 1048 899 1132 Saguntum
915 1049 957 1112 ad
973 1047 1192 1113 Hannibalem

55 1147 157 1221 atque
179 1134 256 1198 inde
273 1133 513 1219 Carthaginem,
535 1137 562 1199 si
584 1156 649 1200 non
665 1135 877 1198 absisteretur
891 1134 990 1218 belle,
1014 1136 1056 1199 ad
1072 1135 1192 1198 ducem

54 1224 166 1308 ipsum
188 1222 220 1283 in
244 1243 384 1306 poenam
405 1219 548 1285 foederis
569 1222 656 1306 rupti
680 1221 932 1305 deposcendum.

159 1305 235 1370 VII.
260 1307 348 1370 Dum
379 1328 419 1372 aa
439 1306 576 1370 Romani
608 1315 725 1392 parant
755 1305 1016 1392 consultantque,
1049 1304 1225 1370 iamSa-1

53 1403 194 1478 guntum
218 1413 344 1456 summa
364 1393 397 1457 vi
421 1392 679 1478 oppugnabatur.
718 1393 832 1457 civitas
864 1415 904 1456 ea
936 1393 1033 1474 longe
1057 1391 1227 1477 opulens

53 1480 182 1544 tissima
203 1476 290 1541 ultra
313 1477 472 1542 Hiberum
494 1479 565 1558 fuit,
588 1479 652 1543 sita
672 1500 788 1563 passus
820 1478 908 1542 mille
932 1480 1035 1542 ferme
1059 1499 1078 1541 a
1100 1478 1190 1541 mari.

58 1565 190 1630 oriundi
222 1585 242 1627 a
271 1563 441 1648 Zacyntho
476 1564 584 1628 insula
620 1563 779 1641 dicuntur,
817 1566 976 1650 mixtique
1014 1566 1111 1627 ctiam
1149 1563 1190 1627 ab

54 1651 169 1716 Ardea
191 1649 384 1715 Rutulorum
408 1649 540 1736 quidam
564 1651 717 1734 generis,
741 1660 884 1715 ceterum
913 1653 946 1714 in
968 1660 1075 1714 tantas
1097 1649 1192 1714 brevi
1212 1671 1228 1718 3

26 1758 29 1762 ⁴
55 1747 232 1803 creverant
254 1757 333 1822 opes
355 1758 414 1801 seu
436 1738 606 1801 maritimis
629 1759 689 1801 seu
711 1736 919 1801 terrestribus
941 1735 1111 1815 fructibus,
1134 1758 1191 1799 seu
1242 1783 1244 1787 η

57 1821 275 1888 multitudinis
296 1824 506 1906 incremento,
529 1845 587 1888 seu
603 1821 792 1908 disciplinae
808 1824 986 1902 sanctitate,
1012 1843 1077 1908 qua
1091 1821 1192 1883 fidem

56 1910 213 1974 socialem
235 1909 402 1994 usquead
426 1911 604 1994 perniciem
626 1931 716 1973 suam
741 1908 918 1974 coluerunt.
952 1906 1117 1972 Hannibal
1144 1909 1190 1970 in·
1210 1929 1228 1977 4

55 1997 140 2060 festo
164 1996 312 2060 exercitu
333 1996 499 2079 ingressus
522 1994 602 2059 fines
625 1997 820 2081 pervastatis
836 1995 956 2078 passim
974 1995 1060 2078 agris
1075 1992 1191 2056 urbem

54 2083 221 2168 tripertito
244 2081 444 2166 adgreditur.
468 2081 605 2165 angulus
628 2083 712 2145 muri
735 2092 805 2146 erat
826 2082 859 2144 in
881 2080 1062 2166 planiorem
1077 2088 1228 2164 poten-5

58 2169 243 2254 tioremque
265 2189 362 2253 quam
386 2177 497 2231 cetera
519 2170 605 2232 circa
626 2167 746 2231 vallem
768 2190 918 2250 vergens.
943 2167 1101 2232 adversus
1118 2187 1192 2228 eum

53 2256 170 2320 vineas
193 2275 292 2339 agere
324 2253 470 2335 instituit,
501 2277 561 2338 per
592 2276 673 2339 quas
705 2254 790 2317 aries
821 2253 992 2317 moenibus
1023 2252 1192 2316 admoveri

54 2351 180 2428 posset.
219 2339 277 2404 sed
315 2349 351 2404 ut
387 2339 479 2404 locus
514 2339 630 2424 procul
661 2361 754 2404 muro
790 2340 867 2403 satis
899 2361 1023 2423 aequus
1057 2337 1227 2421 agendiss

53 2427 161 2492 vineis
182 2424 253 2504 fuit,
276 2425 323 2489 ita
337 2425 591 2510 haudquaquam
605 2447 774 2512 prospere,
790 2434 966 2510 postquam
982 2424 1023 2486 ad
1040 2423 1193 2486 effectum
1344 2424 1349 2434 '

55 2514 169 2599 operis
205 2520 341 2576 ventum
377 2521 436 2594 est,
475 2512 600 2596 coeptis
633 2511 838 2575 succedebat.
886 2519 918 2574 et
948 2509 1046 2573 turris
1078 2510 1226 2592 ingens?

53 2597 258 2681 imminebat,
281 2606 323 2662 et
353 2620 476 2679 murus,
507 2608 544 2661 ut
573 2599 606 2660 in
638 2607 788 2682 suspecto
818 2595 902 2678 loco,
935 2616 1036 2679 supra
1064 2603 1192 2658 ceterae

55 2685 194 2751 modum
218 2683 396 2747 altitudinis
420 2684 582 2748 emunitus
605 2691 684 2764 erat,
718 2690 751 2746 at
781 2683 932 2746 iuventus
964 2679 1102 2761 delecta,
1135 2679 1191 2743 ubi

53 2771 235 2860 plurimum
266 2768 404 2855 periculi
435 2790 474 2833 ac
509 2770 634 2833 timoris
667 2767 912 2849 ostendebatur,
944 2767 990 2831 ibi
1012 2768 1045 2849 vi
1068 2767 1191 2830 maiore

54 2855 270 2924 obsistebant.
316 2877 354 2920 ac
385 2857 490 2940 primo
527 2854 703 2919 missilibus
740 2853 934 2919 submovere
971 2852 1101 2918 hostem
1131 2866 1229 2916 nec8

55 2947 235 3032 quicquam
268 2943 346 3006 satis
379 2952 485 3006 tutum
507 2940 727 3005 munientibus
758 2942 841 3027 pati3
880 2939 1000 3005 deinde
1031 2941 1095 3002 iam
1126 2960 1191 3002 non

53 3053 116 3119 pro
141 3027 313 3094 moenibus
334 3028 434 3092 modo
458 3037 557 3111 atque
577 3027 661 3090 turri
683 3026 748 3091 tela
774 3028 906 3106 micare,
937 3025 996 3089 sed
1018 3025 1061 3088 ad
1085 3046 1190 3087 erum·

55 3117 204 3204 pendum
227 3117 325 3178 etiarn
348 3116 381 3178 in
404 3115 558 3178 stationes
582 3134 747 3199 operaque
774 3112 919 3177 hostium
949 3112 1075 3175 animus
1107 3120 1191 3189 erat3

55 3202 178 3291 quibus
192 3200 410 3266 tumultuariis
426 3199 656 3264 certaminibus
671 3199 760 3263 haud
775 3199 878 3263 ferme
896 3196 1007 3282 plures
1024 3196 1192 3279 Saguntini
1211 3212 1227 3259 9

55 3289 224 3355 cadebant
245 3308 344 3372 quarn
366 3285 477 3350 Poeni.
500 3295 538 3350 ut
559 3308 638 3349 vero
661 3283 827 3349 Hannibal
849 3284 930 3370 ipsc,
964 3283 1041 3345 dum
1065 3303 1191 3344 murum
1212 3300 1245 3348 10

54 3376 219 3442 incautius
235 3374 332 3455 subit,
349 3373 524 3437 adversum
541 3372 646 3436 femur
661 3369 790 3456 tragula
805 3371 949 3454 graviter
965 3372 1048 3432 ictus
1065 3367 1192 3450 cecidit,

54 3473 147 3528 tanta
170 3461 258 3526 circa
278 3460 356 3544 fuga
378 3480 416 3521 ac
437 3459 613 3541 trepidatio
635 3456 705 3540 fuit,
737 3467 860 3520 utnon
882 3456 1020 3519 multum
1053 3453 1192 3535 abesset,

56 3552 134 3636 quin
157 3567 260 3630 opera
277 3567 320 3617 ac
342 3546 457 3610 vineae
481 3545 717 3608 desererentur.
795 3595 798 3602 .

159 3632 253 3698 VIII.
286 3630 424 3697 Obsidio
458 3631 575 3693 deinde
608 3652 667 3714 per
700 3650 822 3712 paucos
855 3628 924 3691 dies
958 3628 1061 3708 magis
1095 3646 1225 3711 quam1

56 3719 258 3807 oppugnatio
272 3717 344 3798 fuit,
361 3718 436 3779 dum
451 3715 568 3780 vulnus
585 3716 676 3779 ducis
694 3724 868 3778 curaretur.
885 3736 945 3799 per
960 3713 1045 3798 quod
1063 3723 1194 3796 tempus

57 3817 95 3873 ut
130 3807 225 3894 quies
263 3803 473 3868 certaminum
513 3812 592 3884 erat,
629 3803 675 3865 ita
711 3800 753 3864 ab
786 3810 944 3886 apparatu
982 3821 1126 3882 operum
1158 3817 1203 3857 sc

98 3904 242 3945 Mamm
1092 3898 1116 3944 Q
