2738 4146
384 151 492 200 arana
510 151 580 200 xxi.
601 151 675 201 oar.
694 152 735 202 ao.
755 153 796 200 21.
815 148 850 219 [a.
869 150 902 201 o.
921 167 943 201 ο.
962 148 1032 217 seo}
1231 136 1292 194 123

115 322 261 400 cognita:
277 331 531 407 praeoccupatos
540 324 601 384 iam
616 332 687 384 aute
699 322 740 384 ab
753 320 934 384 Hannibale
946 319 1113 384 Gallorum
1123 324 1245 385 animos
1288 348 1290 352 ¹

116 425 204 485 esse3
240 407 298 470 sed
322 427 363 468 ne
392 404 439 468 illi
462 407 591 491 quidem
622 409 683 492 ipsi
714 409 789 470 satis
812 409 921 471 mitem
953 416 1080 487 gentem
1112 406 1182 470 lore
1204 441 1245 451 -

116 491 200 556 adeo
215 490 339 554 ferocia
353 500 448 575 atque
471 492 626 555 indomita
646 495 774 573 ingenia
796 512 867 555 esse
883 527 935 573 -‚
949 494 982 554 ni
997 491 1134 554 subinde
1157 512 1245 571 autc,

118 579 209 642 cuius
234 576 420 640 avidissima
441 598 520 657 gens
543 585 599 647 est,
622 579 802 662 principum
827 579 922 640 animi
945 575 1180 640 concilientur„
1202 578 1282 641 itae

141 663 299 744 eragratia
315 660 490 745 Hispaniae
501 660 689 747 Galliaeque
705 660 832 748 populis
849 661 945 745 legati
960 660 1094 725 Romam
1110 661 1246 725 redeunt

116 686 208 811 laud
238 748 284 811 ita
305 746 405 810 multo
427 756 502 832 post
534 769 629 833 quam
661 748 808 811 consules
842 749 873 810 in
905 749 1087 833 provincias
1110 747 1244 832 profecti

118 841 220 896 erant.
245 834 404 896 civitatem
422 854 548 897 omnem
564 835 787 917 expectatione
810 831 886 895 belli
902 841 1041 895 erectam
1056 833 1248 895 invenerunt

117 921 196 983 satis
219 925 385 981 constante
406 917 577 981 samariam
599 918 758 982 Hiberum
781 917 906 981 Poenos
929 919 1090 980 transisse.

132 1072 133 1076 η
222 1001 316 1063 ΧΧΙ.
339 1001 501 1065 Hannibal
524 1001 666 1084 Sagunto
694 1012 787 1087 capto
811 1001 1037 1083 Carthaginem
1067 1023 1184 1067 novam
1214 1003 1280 1065 inl

118 1086 259 1152 hiberna
290 1097 494 1152 concesserat
528 1088 637 1173 ibique
669 1089 793 1164 auditis
832 1109 915 1173 quae
946 1087 1067 1151 Romae
1100 1108 1246 1173 quaeque

119 1171 316 1252 Carthagine
340 1182 411 1237 acta
433 1173 564 1237 decreta
586 1196 627 1236 ue
649 1173 763 1252 forent,
787 1194 886 1258 seque
909 1194 973 1237 non
997 1173 1114 1237 ducem
1141 1170 1244 1236 solum

119 1257 178 1323 sed
204 1261 300 1322 etiam
324 1279 455 1323 causam
478 1279 550 1322 esse
565 1197 659 1339 belli,
689 1260 813 1345 partitis
845 1258 1080 1343 divenditisque
1102 1256 1280 1403 reliquiis‘t

116 1343 262 1430 praedae
283 1342 363 1407 nihil
384 1343 469 1408 ultra
491 1343 704 1408 differendum
718 1352 807 1408 ratus
831 1342 966 1428 Hispani
980 1344 1109 1426 generis
1129 1344 1173 1407 mi
1186 1345 1246 1406 ites

118 1439 288 1495 convocat.
323 1428 441 1512 „credo
464 1451 524 1512 ego
555 1430 632 1494 vos“
657 1431 767 1515 inquit,
803 1431 910 1510 „socii
943 1438 976 1492 et
996 1430 1083 1513 ipsos
1115 1444 1281 1493 cerneres

117 1517 242 1602 pacatis
266 1512 414 1580 omnibus
433 1514 608 1601 Hispaniae
630 1513 757 1600 populis
781 1523 836 1578 aut
855 1513 1029 1578 finiendam
1051 1512 1144 1578 nobis
1167 1512 1246 1577 mili-

117 1603 197 1665 tiam
220 1602 445 1686 exercitamque
469 1599 673 1664 dimittendos
698 1621 769 1664 esse
792 1601 900 1662 autin
923 1599 1000 1663 alias
1022 1608 1123 1663 terras
1146 1607 1247 1662 trans·

83 1726 94 1763 s
117 1685 290 1750 ferendum
312 1684 448 1749 bellum:
472 1687 517 1749 ita
539 1688 622 1749 enim
638 1686 700 1749 hae
722 1695 835 1767 gentes
851 1708 915 1749 non
935 1686 1024 1770 pacis
1048 1683 1162 1766 solum,
1186 1682 1284 1749 seda

118 1773 217 1835 etiam
239 1771 394 1835 victoriae
408 1770 501 1835 bonis
523 1770 693 1853 florebunt,
716 1774 743 1834 si
766 1791 808 1832 ex
831 1769 899 1834 aliis
922 1768 1069 1851 gentibus
1091 1768 1246 1854 praedam

119 1864 152 1920 et
173 1853 313 1938 gloriam
335 1877 536 1941 quaeremus.
567 1859 675 1941 itaque
698 1879 771 1920 cum
793 1855 968 1940 longinqua
990 1877 1009 1918 a
1031 1854 1127 1918 domo
1150 1856 1247 1918 instet
1265 1875 1280 1923 5

117 1940 232 2006 militia
253 1943 474 2026 incertumque
490 1943 538 2022 sit,
562 1940 690 2026 quando
713 1941 826 2004 domos
841 1951 964 2004 vestras
981 1949 1012 2003 et
1027 1961 1110 2025 quae
1131 1941 1246 2024 cuique

118 2026 165 2091 ibi
188 2048 267 2091 cara
288 2035 362 2090 sunt
382 2028 482 2090 visuri
505 2029 581 2098 sitis,
605 2029 632 2090 si
655 2029 725 2111 quis
740 2035 884 2090 vestrum
906 2048 981 2090 suos
1004 2028 1145 2089 invisere
1166 2024 1244 2102 vult,

119 2120 338 2177 commeatum
361 2111 411 2175 do·
435 2113 539 2197 primo
554 2133 632 2175 vere
655 2112 747 2174 edico
763 2111 884 2180 adsitis.
908 2120 944 2175 ut
960 2112 1008 2174 dis
1032 2110 1113 2173 bene
1135 2113 1245 2175 iuvan-
1268 2134 1284 2182 6

118 2196 205 2261 tibus
221 2194 344 2260 bellum
357 2197 494 2278 ingentis
511 2195 633 2279 gloriae
648 2196 854 2282 praedaeque
869 2195 1011 2260 futurum
1025 2194 1244 2281 incipiamus.“

119 2281 271 2348 omnibus
293 2280 361 2343 fere
384 2281 509 2346 visendi
533 2282 644 2346 domos
668 2280 776 2345 oblata
796 2280 880 2345 ultro
900 2290 1042 2367 potestas
1064 2291 1157 2363 grata
1179 2289 1280 2353 erata

118 2377 152 2432 et
172 2370 238 2432 iam
271 2364 528 2431 desiderantibus
551 2389 625 2431 suos
649 2375 681 2430 et
702 2365 828 2448 longius
856 2369 888 2431 in
911 2365 1053 2430 futurum
1074 2365 1246 2450 providen-

118 2451 207 2517 tibus
224 2450 429 2516 desiderium.
452 2473 511 2537 per
525 2461 627 2516 totum
642 2461 768 2536 tempus
784 2450 895 2514 hiemis
912 2454 1002 2536 quies
1021 2454 1104 2513 inter
1117 2449 1246 2514 labores
1266 2477 1282 2524 8

120 2547 176 2602 aut
197 2539 262 2601 iam
286 2534 460 2600 exhaustos
484 2545 539 2600 aut
559 2558 637 2601 mox
659 2536 895 2600 exbamiendos
921 2538 1089 2599 renovarit
1110 2557 1247 2621 corpora

120 2625 312 2707 animosque
334 2619 375 2683 ad
403 2623 509 2686 omnia
539 2621 580 2685 de
611 2624 736 2704 integro
767 2622 929 2708 patienda.
961 2642 1038 2684 vere
1068 2622 1172 2706 primo
1204 2619 1245 2683 ad

120 2707 264 2773 edictum
286 2726 478 2771 convenere.

224 2789 397 2869 Hannibal,
432 2813 506 2856 cum
535 2793 751 2855 recensuisset
782 2794 922 2856 omnium
943 2793 1085 2869 gentium
1117 2789 1280 2870 auxiliata

123 2875 235 2941 Gades
257 2876 420 2961 profectus
442 2875 577 2941 Herculi
608 2885 685 2941 vota
712 2876 850 2941 exsolvit
879 2880 1036 2960 novisque
1067 2897 1102 2940 se
1125 2875 1247 2958 obligat

122 2963 216 3041 votis,
233 2963 261 3026 si
283 2970 392 3026 cetera
404 2983 562 3047 prospera
577 2963 767 3025 evenissent.
791 2962 866 3026 inde
881 2965 1022 3048 partiens
1035 2984 1129 3026 curas
1152 2960 1246 3025 simul
1264 2977 1297 3024 10

118 3049 151 3112 in
172 3044 377 3111 inferendum
393 3056 488 3132 atque
504 3047 679 3110 arcendum
695 3045 825 3125 bellum,
849 3069 899 3127 ne,
925 3048 1001 3110 dum
1016 3049 1085 3133 ipse
1100 3049 1244 3109 terrestri

117 3153 179 3219 per
199 3130 392 3218 Hispaniam
407 3129 593 3217 Galliasque
608 3135 721 3195 itinere
736 3132 861 3196 Italiam
888 3141 1022 3217 peteret,
1044 3133 1132 3195 nuda
1154 3153 1243 3217 aper-

117 3228 217 3304 teque
230 3216 384 3281 Romanis
400 3217 510 3282 Africa
524 3218 564 3281 ab
582 3216 690 3280 Sicilia
706 3227 799 3300 esset,
816 3217 923 3281 valido
938 3217 1099 3304 praesidio
1114 3215 1243 3280 firmare

117 3316 190 3367 eam
212 3303 332 3367 statuit·
363 3323 423 3387 pro
448 3324 486 3366 eo
509 3302 770 3389 supplementum
801 3306 870 3390 ipse
903 3325 945 3367 ex
967 3302 1080 3366 Africa
1101 3305 1241 3367 maxime
1262 3318 1293 3364 11

115 3386 339 3466 iaculatorum,
355 3384 474 3451 levium
490 3390 595 3469 armis,
618 3391 717 3474 petiit,
741 3398 776 3451 ut
790 3387 861 3452 Afri
876 3391 909 3452 in
924 3388 1090 3474 Hispania,
1109 3388 1242 3473 Hispani

116 3474 149 3537 in
165 3471 287 3553 Africa,
311 3470 423 3536 melior
437 3472 550 3558 procul
568 3473 608 3537 ab
626 3474 721 3537 domo
737 3473 861 3538 futurus
877 3483 1012 3558 uterque
1027 3472 1128 3552 miles,
1152 3471 1242 3536 velut

116 3559 236 3623 mutuis
256 3556 445 3643 pignoribus
469 3556 610 3640 obligati,
634 3559 793 3642 stipendia
807 3559 960 3623 facerent.
983 3559 1139 3621 tredecim
1155 3557 1242 3622 milia
1263 3576 1295 3624 12

116 3644 319 3727 octingentos
342 3643 571 3788 quinquaginta
599 3644 724 3728 pedites
748 3654 905 3708 caetratos
927 3646 1013 3707 misit
1043 3646 1075 3706 in
1098 3643 1242 3708 Africam

115 3736 150 3793 et
169 3727 351 3793 funditores
373 3726 423 3790 Ba
434 3730 519 3792 iares
535 3732 734 3811 octingentos
751 3733 962 3815 septuaginta,
987 3732 1109 3814 equites
1125 3732 1242 3794 mixtos

113 3834 159 3877 ex
178 3810 289 3879 multis
312 3814 460 3896 gentibus
476 3811 561 3878 mille
585 3815 748 3878 ducentos.
773 3815 830 3878 has
854 3817 963 3902 copias
977 3817 1100 3901 partim
1110 3813 1249 3876 Cartbs-
1268 3832 1308 3875 xa
