2738 4146
120 123 179 180 126
378 137 486 185 cinna
506 137 576 185 xxi.
595 134 670 185 cnr.
691 139 732 185 ae.
751 139 792 185 ae.
813 135 846 203 [a.
865 136 899 186 u.
917 150 942 186 a
961 134 1035 204 aas}

132 309 346 375 cMasonem.
382 307 414 372 id
444 331 507 394 quo
532 331 573 372 ue
601 307 735 371 dubium
763 317 820 387 est,
844 305 942 390 legati
963 306 1005 370 ad
1028 305 1298 392 expostulandum

167 398 256 459 missi
278 395 318 458 ad
343 394 439 459 Boios
463 332 571 459 violati
594 396 665 474 sint,
689 416 729 457 an
751 395 784 456 in
806 395 990 457 triumviros
1012 415 1127 476 agrum
1143 403 1300 459 metantes

132 484 304 565 oimpetus
333 482 374 544 sit
398 479 513 544 factus.
552 479 695 543 Mutinae
724 502 798 543 cum
826 478 1061 560 obsiderentur,
1089 489 1122 542 et
1148 501 1229 561 gens
1257 480 1296 543 ad

168 566 458 653 oppugnandarum
484 565 614 630 urbium
641 575 726 629 artes
753 565 843 629 rudis
891 567 1067 650 pigerrima
1104 568 1221 629 eadem
1259 565 1299 629 ad

130 654 315 720 rmilitaria
348 673 456 738 opera,
500 654 607 733 segnis
643 653 769 715 intactis
807 652 972 715 adsideret
1009 653 1119 731 muris,
1158 650 1300 716 simulari

167 748 317 825 coeptum
345 738 386 801 de
413 756 495 822 pace
523 740 583 818 agi,
612 740 802 821 evocatique
830 737 870 800 ab
902 735 1071 800 Gallorum
1098 738 1299 824 principibus

166 823 262 908 legati
294 823 334 886 ad
368 822 574 908 conloquium
605 845 670 888 non
700 832 813 886 contra
842 825 892 886 ius
920 822 1017 886 modo
1045 831 1201 906 gentium,
1242 824 1300 888 sed

166 910 285 974 violata
307 912 520 994 etiam,quae
544 909 620 972 data
640 911 673 972 in
694 909 726 972 id
751 918 878 993 tempus
902 918 980 987 erat,
1008 905 1074 971 fide
1097 907 1299 994 conprehen-

168 996 295 1074 duntnr,
318 997 510 1077 negantibus
536 993 648 1078 Gallis,
670 996 730 1058 nisi
754 993 884 1059 obsides
907 994 968 1058 sibi
990 993 1216 1077 redderentur,
1245 1018 1299 1060 eos

129 1102 145 1150 8
168 1082 365 1146 dimissuros.
395 1104 469 1144 cum
497 1080 578 1145 haec
602 1081 642 1142 dc
665 1078 779 1162 legatis
802 1083 948 1143 nuntiata
976 1088 1092 1158 essent,
1121 1089 1154 1144 et
1176 1081 1301 1145 Mutina

165 1168 429 1253 praesidiumque
466 1167 497 1228 iu
535 1165 680 1252 periculo
719 1175 813 1245 esset,
850 1165 889 1229 L.
919 1165 1058 1230 Manlius
1089 1177 1222 1251 praetor
1253 1170 1301 1231 ira

131 1275 146 1322 9
167 1274 321 1319 accensus
346 1253 483 1316 effusum
506 1275 623 1336 agmen
646 1252 686 1316 ad
711 1251 867 1316 Mutinam
884 1252 979 1315 ducit.
1004 1251 1105 1315 silvae
1122 1262 1198 1316 tunc
1215 1254 1312 1318 circa·

165 1342 252 1403 viam
280 1349 372 1403 erant
396 1336 562 1424 plerisque
588 1337 726 1402 incultis.
764 1336 808 1402 ibi
838 1337 1040 1425 inexplorato
1071 1338 1238 1425 profectus
1266 1341 1297 1403 in

166 1426 296 1489 insidias
318 1426 549 1511 praecipitatur
570 1423 736 1510 multaque
765 1446 837 1488 cum
865 1423 966 1488 caede
989 1446 1122 1488 suorum
1145 1446 1245 1508 aegre
1267 1427 1299 1490 in

116 1529 148 1576 10
166 1520 295 1596 apertos
318 1533 450 1596 campos
473 1513 611 1574 emersit.
635 1509 681 1573 ibi
704 1518 809 1574 castra
824 1511 1029 1590 communita,
1047 1518 1088 1591 et,
1104 1512 1181 1595 quia
1197 1509 1299 1575 Gallis

167 1598 205 1658 ad
240 1598 428 1682 temptanda
459 1617 498 1659 ea
529 1595 630 1660 defuit
656 1617 740 1680 spes,
772 1596 884 1660 relecti
918 1603 993 1659 sunt
1023 1594 1159 1659 militum
1192 1599 1299 1679 animi,

115 1702 146 1749 11
168 1705 363 1769 quamquam
383 1682 423 1746 ad
440 1684 631 1768 quingentos
648 1681 804 1746 cecidisse
820 1684 896 1746 satis
913 1680 1088 1745 constabat
1104 1684 1166 1746 iter
1182 1682 1300 1748 deinde

167 1772 208 1831 de
230 1771 356 1853 integro
379 1776 540 1856 coeptum,
567 1789 638 1847 nec,
663 1766 740 1831 dum
762 1790 821 1854 per
855 1770 998 1854 patentia
1023 1766 1097 1831 loca
1119 1767 1301 1834 ducebatur

115 1876 148 1922 12
166 1876 292 1938 agmen,
315 1876 452 1940 usquam
475 1856 624 1941 apparuit
645 1852 763 1933 hostis3
801 1852 858 1917 ubi
885 1876 996 1918 rursus
1024 1852 1125 1917 silvae
1151 1857 1299 1939 intratae,

165 1951 233 2005 tum
264 1949 445 2025 postremos
479 1939 585 2003 adorti
616 1962 690 2003 cum
723 1962 841 2021 magna
865 1939 1080 2025 trepidatione
1111 1962 1151 2004 ac
1176 1963 1300 2027 pavore

166 2028 308 2090 omnium
331 2028 549 2111 septingentos
572 2023 688 2089 milites
712 2025 910 2106 occiderunt,
934 2048 993 2090 sex
1016 2028 1108 2107 signa
1134 2026 1299 2092 ademere.

115 2134 147 2182 13
165 2111 236 2175 finis
261 2121 293 2174 et
315 2109 417 2175 Gallis
439 2111 608 2175 territandi
624 2120 656 2174 et
676 2111 819 2197 pavendi
840 2110 901 2174 fuit
921 2110 1085 2190 Romanis,
1108 2121 1145 2176 ut
1166 2135 1184 2177 e
1215 2114 1300 2180 saltu

165 2200 252 2262 invio
276 2206 372 2282 atque
394 2196 548 2282 impedito
565 2219 710 2262 evasere.
727 2197 802 2261 inde
818 2199 937 2282 apertis
953 2196 1032 2262 locis
1047 2197 1142 2262 facile
1157 2207 1300 2266 tutantes

166 2305 282 2367 agmen
308 2282 445 2348 Romani
471 2283 663 2363 Tannetum,
696 2285 805 2348 vicum
836 2285 1052 2371 propinquum
1084 2283 1185 2368 Pado,
1224 2309 1299 2354 oon-

116 2394 148 2441 14
165 2370 308 2434 tendere.
346 2369 392 2433 ibi
428 2391 463 2434 se
500 2372 699 2434 munimento
744 2369 786 2432 ad
829 2378 956 2454 tempus
999 2371 1300 2460 commeatibusque

165 2454 304 2520 fluminis
332 2465 363 2519 et
388 2455 614 2520 Brixianorum
648 2457 742 2519 etiam
776 2453 945 2520 Gallorum
982 2453 1102 2521 auxilio
1140 2457 1300 2525 adversus

166 2551 364 2606 crescentem
386 2544 419 2605 in
443 2542 511 2606 dies
534 2541 771 2606 multitudinem
794 2540 932 2605 hostium
957 2540 1153 2607 tutabantur.
1321 2602 1324 2609 .

129 2649 142 2696 1
268 2627 393 2691 XXVI.
419 2624 482 2705 Qrii
505 2626 659 2692 tumultus
675 2649 792 2713 repens
808 2636 979 2715 postquam
1003 2638 1052 2692 est
1072 2629 1211 2695 Romam
1225 2652 1299 2717 per·

165 2713 258 2795 latus,
297 2723 329 2777 et
360 2713 518 2777 Punicum
549 2715 681 2799 insuper
714 2711 840 2778 Gallico
873 2712 993 2777 bellum
1026 2724 1157 2779 auctum
1189 2726 1299 2802 patres

129 2807 369 2886 racceperunt,
395 2796 430 2862 Ο.
454 2797 587 2863 Atilium
610 2809 795 2884 praetorem
818 2821 892 2863 oum
916 2821 981 2863 una
1002 2798 1130 2882 legione
1151 2801 1300 2867 Romana

166 2895 198 2948 et
225 2885 367 2970 quinque
394 2883 523 2949 milibus
553 2888 714 2950 sociorum
743 2884 863 2950 dilectu
891 2908 975 2951 novo
1004 2908 1025 2949 a
1053 2888 1185 2952 consule
1225 2912 1298 2954 con·

166 2973 292 3056 scriptis
315 2969 469 3034 auxilium
492 2969 578 3034 ferre
601 2970 720 3034 Manlio
743 2969 865 3052 iubent,
908 2973 941 3036 ui
957 2974 1025 3036 sine
1040 2972 1105 3038 ullo
1123 2978 1299 3040 certamine

167 3093 204 3103 -
230 3057 456 3121 abscesserant
479 3058 561 3121 enim
586 3067 675 3121 metu
699 3057 806 3122 hostes
829 3093 872 3103 -
924 3069 1075 3124 annetum
1097 3063 1256 3145 pervenit.

127 3167 143 3214 5
267 3142 311 3206 Et
333 3142 369 3206 P.
387 3140 555 3207 Cornelius
576 3143 608 3206 in
623 3141 731 3208 locum
749 3146 827 3225 eius,
846 3166 930 3230 quae
946 3148 1043 3211 missa
1058 3168 1132 3211 oum
1147 3157 1300 3233 praetore

166 3238 243 3310 erat,
267 3230 388 3315 scripta
409 3227 535 3312 legione
557 3251 643 3292 nova
664 3229 830 3314 profectus
852 3229 894 3294 ab
911 3231 992 3295 urbe
1009 3235 1178 3316 sexaginta
1194 3233 1299 3319 longis

164 3314 301 3380 navibus
323 3324 452 3402 praeter
475 3338 565 3380 oram
587 3315 737 3380 Etruriae
753 3316 975 3402 Ligurumque
992 3328 1024 3382 et
1037 3319 1113 3382 inde
1129 3318 1298 3386 Saluvium

165 3410 290 3465 montes
338 3404 462 3466 ervenit
483 3399 660 3465 Massiliam
686 3402 779 3465 etad
803 3403 988 3487 proximum
1012 3406 1128 3469 ostium
1145 3405 1297 3472 Rhodani

128 3514 207 3561 4-
228 3425 376 3573 plurilius
399 3489 483 3552 enim
507 3488 630 3552 divisus
659 3491 760 3552 amnis
787 3489 819 3550 in
846 3509 935 3551 mare
965 3489 1107 3556 decurrit
1128 3528 1170 3537 —
1193 3503 1301 3559 castra

165 3571 259 3653 locat,
282 3573 418 3637 vixdum
441 3576 517 3638 satis
541 3573 677 3637 credens
695 3571 908 3637 Hannibalem
923 3597 1095 3660 superasse
1110 3578 1299 3663 Pyrenaeos

130 3688 145 3735 ὅ
165 3669 300 3723 montes.
325 3680 421 3744 quem
443 3670 479 3723 nt
502 3659 542 3722 de
557 3658 706 3724 Rhodani
721 3680 851 3745 quoque
866 3663 1001 3726 transitu
1016 3665 1138 3745 agitare
1153 3666 1298 3746 animad-

164 3747 270 3824 vertit,
303 3747 453 3822 incertus,
492 3767 631 3829 quonam
665 3748 694 3809 ei
721 3744 793 3810 loco
822 3756 1016 3829 occurreret,
1051 3751 1191 3815 necdum
1221 3756 1298 3820 satis

163 3828 294 3893 refectis
322 3829 362 3892 ab
392 3831 562 3894 iactatione
593 3833 751 3895 maritima
782 3829 946 3911 militibus,
979 3843 1140 3902 trecentos
1169 3840 1297 3905 interim
