2738 4146
78 151 139 210 120
307 163 415 211 niusa
433 162 504 210 xxi.
526 161 600 211 cnr.
621 163 661 210 ιι.
682 163 722 211 ιι.
743 162 782 211 18.
803 159 835 227 [a.
854 160 887 210 U.
906 175 927 209 e.
947 161 1017 227 5³61.

90 352 107 400 o
125 355 240 397 norum
262 332 414 418 populos,
439 334 640 397 conciturum
655 333 768 397 avidas
789 322 918 419 semper
934 353 1098 396 armorum
1114 328 1263 397 Gallicas

126 429 249 501 gentes.
273 441 346 482 oum
370 417 449 482 orbe
472 427 632 481 terrarum
664 417 788 482 bellum
821 417 1003 501 gerendum
1032 417 1066 480 in
1096 415 1192 482 Italia
1224 441 1265 483 ao

126 526 186 591 pro
210 505 378 567 moenibus
400 503 555 568 Romanis
579 526 659 568 esse.

91 611 105 657 1
229 589 336 652 XVII.
353 589 545 654 Nominatae
560 591 625 654 iam
641 598 734 653 antea
745 588 931 654 consulibus
947 587 1137 674 provinciae
1153 598 1261 669 erant3

38 638 66 711 q
126 685 195 740 tum
217 676 324 740 sortiri
346 677 434 740 iussi.
464 673 615 740 Cornelio
639 674 805 763 Hispania,
831 674 1022 761 Sempronio
1045 672 1160 738 Africa
1181 697 1257 740 cum

91 769 106 815 2
127 760 236 824 Sicilia
252 762 368 824 evenit.
385 783 445 826 sex
466 763 498 823 in
522 783 595 825 cum
612 783 731 825 annum
754 761 905 825 decretae
921 759 1065 843 legiones
1082 769 1115 824 et
1137 761 1264 826 socium

127 856 282 932 quantum
313 848 391 933 ipsis
429 847 594 911 videretur
626 857 658 911 et
695 845 805 912 classis
844 855 964 932 quanta
999 846 1108 931 parari
1139 857 1262 933 posset

92 942 277 1018 3qrrattuor
309 943 341 996 et
371 933 484 1015 viginti
515 934 661 1019 peditum
700 933 919 997 Romanorum
956 933 1045 996 milia
1076 933 1199 1019 scripta
1230 942 1265 998 et

127 1017 212 1083 mille
237 1020 409 1100 octingenti
429 1022 563 1105 equites,
589 1022 751 1084 sociorum
767 1020 980 1105 quadraginta
993 1016 1083 1082 milia
1103 1018 1264 1103 peditum,

127 1115 278 1190 quattuor
293 1104 390 1169 milia·
402 1114 434 1169 et
449 1105 674 1209 quadringenti
690 1107 829 1190 equites3
852 1125 954 1168 naves
971 1103 1130 1168 ducentae
1146 1106 1264 1188 viginti

90 1202 108 1248 4
127 1193 387 1276 quinqueremes,
399 1189 526 1255 celoces
542 1193 655 1273 viginti
672 1191 812 1254 deducti.
828 1189 928 1254 latum
944 1189 1020 1253 inde
1037 1190 1077 1253 ad
1093 1189 1265 1276 populum,

126 1274 248 1339 vellent
269 1276 418 1340 iuberent
432 1275 553 1362 populo
571 1277 828 1359 Carthaginiensi
844 1274 964 1340 bellum
987 1274 1102 1354 indica
1126 1278 1265 1363 eiusque

127 1361 205 1426 belli
227 1383 326 1426 causa
348 1364 538 1447 supplicatio
560 1385 621 1448 per
653 1363 767 1427 urbem
803 1362 913 1427 habita
946 1370 1043 1448 atque
1065 1360 1193 1426 adorati
1217 1361 1263 1439 di,

32 1450 36 1455 '
127 1457 163 1512 ut
186 1447 269 1511 bene
292 1470 330 1511 ac
352 1447 489 1511 feliciter
512 1452 657 1513 eveniret
679 1449 765 1535 quod
789 1447 910 1512 bellum
932 1445 1074 1534 populus
1095 1446 1265 1513 Romanus

91 1535 282 1598 oiussisset.
307 1535 389 1596 intcr
412 1533 561 1599 consules
583 1538 628 1598 ita
650 1537 763 1621 copiae
787 1535 923 1598 divisae:
949 1532 1142 1620 Sempronio
1167 1533 1266 1599 datae

127 1617 271 1702 legiones
295 1619 379 1683 duae
396 1657 435 1664 —
452 1641 492 1684 ea
514 1630 671 1707 quaterna
692 1619 780 1684 milia
795 1629 887 1684 erant
911 1619 1058 1705 peditum
1080 1628 1113 1683 et
1137 1623 1266 1686 treceni

128 1708 252 1791 equites
275 1715 365 1769 -et
386 1709 548 1771 sociorum
570 1707 714 1772 sedecim
736 1705 824 1770 milia
844 1706 999 1793 peditum,
1024 1706 1149 1791 equites
1171 1704 1266 1770 mille

128 1794 310 1876 octingenti,
332 1813 432 1855 naves
447 1791 563 1874 longae
579 1802 708 1857 centum
731 1794 907 1874 sexaginta,
932 1789 1059 1856 celoces
1075 1790 1265 1857 duodecim.

92 1893 201 1941 ocum
234 1877 282 1941 his
319 1877 526 1942 terrestribus
563 1880 794 1965 maritimisque
831 1879 931 1965 copiis
963 1877 1011 1941 Ti.
1050 1875 1266 1962 Sempronius

127 1965 243 2028 missus
267 1966 299 2026 in
322 1962 472 2044 Siciliam,
504 1966 549 2027 ita
571 1967 603 2028 in
626 1963 769 2028 Africam
799 1966 1055 2042 transmissurus,
1088 1964 1116 2027 si
1146 1964 1189 2027 ad
1213 1986 1267 2028 ar·

93 2048 266 2113 scendum
303 2046 396 2113 Italia
426 2048 572 2114 Poenum
603 2049 714 2115 consul
749 2049 831 2114 alter
862 2051 938 2114 salis
974 2059 1067 2113 esset.
1107 2047 1264 2115 Cornelio

127 2137 231 2198 minus
248 2137 415 2220 copiarum
439 2135 558 2215 datum,
583 2138 658 2222 quia
672 2136 710 2200 L.
735 2133 873 2200 Manlius
888 2146 1020 2222 praetor
1042 2136 1164 2220 etipse
1187 2158 1266 2202 oum

92 2220 214 2284 8haud
259 2221 402 2285 invalido
439 2222 601 2308 praesidio
643 2223 676 2285 in
714 2219 855 2286 Galliam
891 2220 1093 2302 mittebatur3
1130 2224 1268 2288 navium

128 2309 268 2370 maxime
284 2304 434 2371 Cornelio
451 2330 604 2373 numerus
621 2308 818 2372 deminutus:
835 2309 1004 2390 sexaginta
1013 2308 1267 2393 quinqueremes

129 2392 223 2456 datae
254 2428 298 2438 —
327 2415 433 2479 neque
466 2397 551 2459 enim
581 2397 664 2460 mari
693 2403 866 2458 venturum
897 2402 953 2457 aut
984 2415 1023 2457 ea
1055 2403 1150 2479 parte
1181 2393 1265 2459 belli

129 2479 353 2544 dimicaturum
379 2482 503 2544 hostem
524 2480 754 2544 credebant-
775 2489 807 2543 et
830 2479 913 2543 duae
928 2479 1094 2543 Romanae
1115 2478 1266 2563 legiones

128 2588 202 2628 cum
225 2588 282 2629 suo
306 2568 388 2630 iusto
419 2570 561 2652 equitatu
593 2576 625 2630 et
647 2566 905 2652 quattuordecim
938 2564 1067 2629 milibus
1099 2568 1267 2633 sociorum

91 2650 282 2737 9peditu1n,
307 2652 467 2737 equitibus
494 2650 581 2716 mille
604 2655 777 2716 sexcentis.
814 2652 894 2715 duas
926 2650 1069 2734 legiones
1096 2651 1266 2718 Romanas

127 2746 159 2798 et
182 2736 296 2800 decem
319 2735 406 2800 milia
428 2741 591 2802 sociorum
611 2737 766 2825 peditum,
791 2735 878 2803 mille
902 2739 1026 2822 equites
1048 2740 1165 2816 socios,
1190 2761 1266 2803 sex·

128 2830 238 2885 centos
266 2821 427 2887 Romanos
451 2821 558 2887 Gallia
589 2825 757 2910 provincia
780 2823 896 2889 eodem
918 2845 1015 2888 versa
1046 2824 1079 2887 in
1102 2823 1267 2891 Punicum

127 2906 249 2971 bellum
273 2906 394 2971 habuit.

92 3003 104 3049 1
230 2992 356 3056 XVlIl.
381 2993 441 3057 His
464 2997 508 3057 ita
523 2997 726 3080 comparatis,
749 3004 786 3059 ut
808 2997 915 3060 omnia
936 2997 1020 3060 iusta
1042 3003 1117 3059 ante
1139 2993 1268 3063 bellum

42 3072 57 3089 '
128 3080 253 3161 fierent,
286 3078 409 3163 legatos
443 3082 581 3144 maiores
613 3090 699 3162 natu,
725 3079 765 3159 Q.
798 3081 947 3155 Fabium,
980 3080 1024 3144 Μ.
1057 3080 1199 3155 Livium,
1224 3081 1267 3146 L.

129 3165 313 3246 Aemilium,
338 3164 374 3230 C.
397 3166 567 3245 Licinium,
592 3165 631 3245 Q.
655 3166 824 3244 Baebium,
847 3170 879 3231 in
904 3166 1048 3232 Africam
1070 3168 1200 3232 mittunt
1222 3169 1269 3233 ad

94 3263 109 3309 2
129 3253 389 3337 percunctandos
413 3250 705 3336 Carthaginienses,
728 3252 902 3339 publicone
933 3253 1066 3317 consilio
1099 3252 1268 3319 Hannibal

129 3340 308 3420 Saguntum
331 3348 559 3425 oppugnasset,
592 3349 632 3419 et,
666 3341 701 3421 si,
733 3340 765 3403 id
799 3339 884 3425 quod
909 3338 1025 3404 factum
1056 3338 1265 3423 videbantur,

128 3425 305 3488 faterentur
327 3447 365 3489 ao
390 3424 601 3488 defenderent
631 3424 763 3512 publico
796 3423 929 3491 consilio
952 3424 1083 3508 factum,
1114 3434 1151 3490 ut
1180 3426 1265 3491 indi·

91 3523 108 3570 3
129 3520 239 3575 carent
260 3508 381 3597 populo
405 3508 662 3591 Carthaginiensi
684 3510 815 3576 bellum.
838 3510 976 3576 Romani
996 3521 1071 3598 post
1093 3534 1170 3577 uam
1186 3510 1268 3577 Car·

128 3594 293 3679 thaginem
314 3606 481 3677 venerunt,
517 3619 589 3661 cum
613 3607 742 3662 senatus
776 3598 868 3662 datus
893 3607 987 3679 esset,
1021 3607 1052 3661 et
1072 3533 1115 3678 C
1138 3597 1266 3665 Fabius

128 3682 207 3746 nihil
230 3682 435 3769 ultraquam
456 3705 565 3765 unum,
590 3684 678 3769 quod
700 3684 887 3749 mandatum
919 3693 997 3762 erat,
1029 3693 1261 3771 percunctatus

91 3778 224 3850 resset,
262 3779 330 3832 tum
359 3790 404 3832 ex
435 3767 753 3852 Carthaginiensibus
789 3790 887 3834 unus:
929 3791 1105 3858 „praeceps
1142 3780 1264 3853 vestra,

115 3853 267 3934 Romani}
293 3865 329 3919 et
345 3857 442 3942 prior
461 3855 582 3940 legatio
597 3855 666 3939 fuit,
690 3880 765 3921 curn
781 3854 997 3919 Hannibalem
1015 3866 1180 3942 tamquam
1204 3881 1264 3925 suo
