2738 4146
86 109 126 167 88
323 122 432 171 uranu
448 121 484 172 11.
503 120 578 172 cnr.
595 122 638 172 41.
656 123 699 173 ra
718 118 753 188 [a.
770 119 804 171 u.
823 135 846 174 a.
865 118 1025 188 ror-2731.

133 291 284 379 supplicii
313 292 433 357 ferant:
472 314 546 357 eum
578 314 617 356 co
643 292 709 354 nita
741 290 829 356 domi
861 313 958 354 causa
987 290 1183 357 verberasse
1222 313 1265 358 sc

130 400 264 443 necasse
287 374 515 464 peculiumque
538 378 596 441 filii
619 315 731 443 Vereri
754 378 1012 459 consecravisse3
1036 379 1164 459 signum
1187 378 1269 445 inde

87 486 119 534 11
130 465 253 529 factum
277 485 349 528 esse
373 474 405 528 et
420 465 610 547 inscriptum
626 486 690 546 „ex
705 462 818 528 Cassia
833 462 955 526 familia
971 461 1115 528 datum“.
1132 464 1266 530 invenio

131 573 150 614 a
177 551 218 613 ud
253 549 422 635 quosdam,
452 549 554 635 idque
582 551 716 635 propius
752 548 851 613 fidem
884 559 943 632 est,
977 571 996 612 a
1033 550 1266 633 quaestoribus

131 574 279 701 Clitesone
309 635 413 699 Fabio
447 645 480 699 et
510 635 549 699 L.
573 633 705 700 Valerio
742 635 830 699 diem
864 635 983 699 dietam
1017 633 1265 720 perduellionis,

131 723 317 786 damnatum
344 743 385 785 ue
407 721 519 806 populi
541 723 671 805 iudicio,
705 720 828 785 dirutas
855 720 987 805 publice
1011 721 1120 785 aedes.
1150 743 1191 785 ea
1215 732 1267 787 est

130 830 207 872 area
230 818 304 875 ante
356 807 465 872 elluris
493 809 618 872 aedem.
651 817 806 889 ceterum,
835 807 904 870 sive
931 806 1011 871 illud
1044 806 1263 875 domesticum

130 896 198 958 sive
231 891 397 978 publicum
429 893 489 956 fuit
526 895 689 977 iudicium,
733 892 906 957 damnatur
939 892 1007 958 Ser.
1042 891 1196 959 Cornelio
1221 893 1262 974 Q.

128 980 235 1044 Fabio
261 979 456 1043 consulibus.

90 1089 104 1136 1
229 1064 337 1129 XLII.
360 1064 459 1128 Haud
475 1064 625 1127 diuturna
638 1065 687 1128 ira
701 1063 815 1148 populi
832 1065 867 1127 in
879 1063 1024 1128 Cassium
1036 1063 1104 1127 fuit.
1118 1061 1262 1131 dulcedo

130 1152 277 1234 agrariae
298 1148 380 1234 legis
403 1152 475 1236 ipsa
502 1172 561 1234 per
588 1172 623 1213 se
647 1150 779 1233 dempto
803 1159 935 1214 auctore
964 1149 1095 1214 subibat
1121 1151 1261 1232 animos,

129 1259 332 1323 accensaque
350 1257 388 1300 ea
410 1236 570 1320 cupiditas
593 1243 643 1300 est
664 1234 864 1319 malignitate
879 1245 1019 1320 patrum,
1043 1236 1100 1322 qui
1123 1236 1263 1303 devictis

89 1347 105 1396 2
130 1345 168 1388 eo
194 1345 277 1386 anno
294 1323 423 1387 Volscis
438 1323 630 1409 Aequisque
649 1321 785 1386 militem
800 1323 923 1407 praeda
937 1321 1143 1386 fraudavere.
1192 1323 1262 1386 uid·

130 1409 206 1494 quid
239 1419 371 1494 captum
401 1429 444 1472 ex
473 1407 621 1471 hostibus
654 1417 712 1491 est,
749 1408 897 1471 vendidit
925 1406 1048 1471 Fabius
1078 1344 1192 1472 consil
1223 1431 1263 1474 ac

129 1495 258 1578 redegit
287 1496 320 1557 in
350 1493 526 1574 publicum.
564 1494 703 1557 invisum
735 1503 804 1557 erat
836 1493 976 1557 Fabium
1013 1515 1133 1558 nomen
1171 1493 1263 1579 plebi

129 1592 263 1665 propter
284 1581 496 1643 novissimum
512 1579 693 1661 consulem3
717 1588 849 1644 tenuere
865 1589 974 1644 tamen
989 1589 1110 1664 patres,
1134 1590 1171 1644 ut
1185 1603 1263 1646 cum

129 1666 168 1728 L.
192 1665 333 1730 Aemilio
350 1664 454 1730 anso
472 1664 595 1729 Fabius
618 1664 731 1729 consul
754 1676 929 1730 crearetur.
953 1686 992 1729 eo
1007 1664 1156 1729 infestior
1175 1666 1264 1731 facta

89 1778 104 1826 3
129 1751 244 1838 plebes
268 1752 426 1816 seditione
450 1751 630 1815 domestica
657 1750 779 1815 bellum
807 1761 977 1816 externum
1005 1752 1136 1816 excivit.
1170 1750 1262 1817 bello

130 1838 247 1902 deinde
271 1837 383 1902 civiles
408 1837 590 1903 discordiae
616 1838 827 1901 intermissae.
854 1859 919 1901 uno
948 1837 1053 1900 animo
1081 1847 1193 1922 patres
1224 1861 1263 1904 ac

129 1923 222 2009 plebs
245 1921 441 1987 rebellantes
465 1921 603 1987 Volscos
626 1932 659 1987 et
679 1923 816 2009 Aequos
840 1923 922 1987 duce
937 1921 1078 1986 Aemilio
1123 1945 1263 2010 rospera

86 2037 104 2084 4
129 2031 239 2094 pugna
261 2011 379 2074 vicere.
402 2008 475 2092 plus
498 2019 606 2072 tamen
630 2009 771 2073 hostium
792 2010 870 2093 fuga
893 2031 989 2094 quam
1019 1946 1181 2093 proelium
1204 2011 1261 2076 ab·

89 2125 104 2172 5
129 2097 280 2179 sumpsit:
298 2095 380 2159 adeo
396 2095 605 2179 pertinaciter
614 2095 702 2159 fusos
717 2096 854 2160 insecuti
870 2107 944 2159 sunt
959 2095 1095 2179 equites.
1113 2094 1262 2161 Castoris

129 2182 227 2244 aedes
251 2181 368 2245 eodem
383 2202 467 2244 anno
490 2179 597 2244 idibus
614 2179 811 2259 Quintilibus
834 2181 983 2246 dedicata
1000 2191 1058 2245 est.
1080 2192 1160 2245 vota
1182 2193 1260 2248 erat

128 2267 244 2331 Latino
275 2264 361 2331 bello
385 2288 404 2330 a
426 2266 593 2330 Postumio
621 2268 793 2350 dictatore;
829 2266 914 2332 filius
943 2267 1011 2331 eius
1040 2267 1192 2332 duumvir
1216 2267 1259 2333 ad

128 2354 161 2416 id
184 2354 291 2438 ipsum
314 2364 441 2416 creatus
465 2352 636 2416 dedicavit.

89 2470 104 2518 6
232 2438 401 2503 Sollicitati
433 2447 466 2501 et
497 2460 535 2502 eo
568 2461 651 2503 anno
683 2448 758 2502 sunt
789 2438 963 2502 dulcedine
994 2438 1142 2522 agrariae
1175 2439 1259 2525 legis

128 2526 226 2589 animi
248 2524 366 2611 plebis.
394 2523 514 2588 tribuni
541 2524 629 2608 plebi
652 2523 846 2609 popularem
873 2533 1070 2607 potestatem
1096 2523 1171 2608 lege
1199 2547 1258 2611 po·

128 2610 233 2695 pulari
256 2609 479 2691 celebrabant;
503 2621 612 2695 patres
640 2612 717 2675 satis
740 2632 904 2696 superque
927 2611 1057 2691 gratuiti
1083 2610 1203 2675 furoris
1226 2613 1260 2676 in

128 2696 334 2760 multitudine
373 2697 544 2760 credentes
578 2718 665 2778 esse,
701 2695 888 2779 largitiones
922 2697 1180 2782 temeritatisque
1211 2698 1259 2761 in·

128 2783 308 2845 vitamenta
337 2780 523 2846 horrebant.
556 2782 704 2845 acerrimi
730 2782 876 2866 patribus
905 2781 1004 2846 duces
1035 2782 1077 2844 ad
1105 2783 1258 2847 resisten-

90 2886 105 2933 7
131 2868 206 2930 dum
232 2867 381 2931 consules
403 2868 504 2931 fuere.
528 2888 567 2929 ea
587 2867 686 2951 igitur
707 2889 783 2950 pars
805 2869 852 2930 rei
876 2866 1025 2952 publicae
1042 2869 1121 2932 vicit
1142 2890 1205 2933 nec
1227 2872 1261 2934 in

129 2975 284 3037 praesens
306 2954 414 3036 modo,
438 2952 495 3016 sed
517 2954 551 3015 in
573 2954 756 3017 venientem
781 2955 877 3017 etiam
899 2976 1018 3017 annum
1041 2953 1085 3016 M.
1112 2953 1260 3040 Fabium,

131 3038 286 3102 Caesonis
301 3039 445 3121 fratrem,
463 3048 495 3102 et
509 3040 612 3121 magis
634 3039 773 3103 invisum
790 3039 926 3103 alterum
947 3039 1036 3124 plebi
1051 3042 1260 3105 accusatione

129 3124 186 3209 Sp.
211 3124 311 3207 Cassi,
334 3126 372 3188 L.
388 3123 565 3207 Valerium,
589 3123 737 3188 consules
761 3125 859 3188 dedit.
882 3135 1041 3189 certatum
1065 3147 1103 3190 eo
1127 3148 1260 3212 quoquc

90 3232 105 3280 s
130 3234 213 3274 anno
239 3234 311 3275 cum
336 3211 472 3274 tribunis
497 3219 555 3274 est.
579 3231 663 3276 vana
685 3210 741 3274 lex
758 3212 898 3296 vanique
921 3210 1001 3296 legis
1025 3222 1175 3276 auctores
1198 3215 1260 3278 iac·

130 3297 228 3360 tando
250 3299 382 3360 inritum
405 3319 520 3359 munus
542 3295 628 3361 facti.
652 3296 792 3360 Fabium
814 3298 890 3360 inde
913 3319 1031 3361 nomen
1053 3298 1167 3381 ingens
1184 3308 1261 3384 post

129 3393 195 3447 tres
226 3385 394 3446 continuos
421 3380 606 3446 consulatus
637 3405 767 3468 unoque
794 3383 887 3446 velut
911 3394 1022 3447 tenore
1058 3406 1170 3447 onmes
1203 3408 1259 3449 ex·

130 3479 240 3552 pertos
273 3469 451 3532 tribuniciis
484 3468 713 3531 certaminibus
747 3468 907 3545 habitum3
950 3471 1069 3555 itaque,
1106 3480 1142 3534 ut
1174 3469 1260 3535 bene

130 3555 263 3636 locatus,
287 3555 406 3617 mansit
426 3555 459 3616 in
483 3576 521 3618 ea
542 3553 663 3616 familia
678 3555 876 3639 aliquamdiu
898 3555 1012 3620 honos.
1036 3553 1159 3620 bellum
1182 3557 1259 3621 inde

89 3664 105 3712 9
129 3640 250 3704 Veiens
273 3642 398 3722 initum,
422 3650 454 3703 et
476 3638 587 3703 Volsci
614 3639 822 3704 rebellarunt.
851 3641 909 3703 sed
938 3641 980 3704 ad
1008 3639 1095 3705 bella
1123 3653 1260 3707 externa

131 3748 237 3811 prope
261 3733 453 3811 supererant
475 3725 571 3806 vires,
594 3725 877 3812 abutebanturque
892 3728 931 3789 iis
947 3729 1031 3790 inter
1047 3738 1151 3792 semet
1165 3729 1259 3815 ipsos

88 3812 294 3887 wcertando.
319 3834 486 3876 accessere
510 3811 549 3874 ad
575 3833 688 3894 aegras
710 3814 773 3875 iam
798 3813 939 3876 omnium
963 3823 1087 3877 mentes
1109 3816 1260 3900 prodigia
