2738 4146
325 147 434 197 LlBER
450 147 500 200 111.
518 145 595 199 ΟΔΡ.
612 148 655 200 48.
673 147 716 196 to.
734 147 776 196 50.
796 145 830 213 [a.
848 145 882 198 U.
900 162 922 196 c.
941 145 1011 215 3051.
1215 132 1278 192 223

85 323 216 390 excitus
239 318 369 406 Appius
401 317 583 403 conprendi
605 316 796 402 Verginium
820 317 921 382 iubet.
960 317 1013 383 ille
1035 318 1122 382 ferro
1147 340 1224 404 qua·

85 428 231 495 cumque
253 407 325 471 ibat
349 405 437 471 riam
458 404 576 486 facere,
607 403 711 467 donec
745 402 950 467 multitudine
984 405 1081 468 etiam
1113 427 1224 489 prose-

86 494 260 584 quentium
282 501 394 556 tuente
416 490 459 555 ad
482 499 611 576 portam
635 490 791 576 perrexit.
824 489 934 553 Icilius
957 489 1261 576 Numitoriusque?

87 601 260 664 exsangue
284 597 403 662 corpus
436 574 601 641 sublatum
624 584 786 639 ostentant
812 575 951 660 populo;
984 574 1091 640 scelus
1115 577 1224 662 Appii,

86 663 221 755 puellae
259 661 423 728 infelicem
454 662 602 742 formam,
640 662 870 725 necessitatem
906 663 1008 747 patris
1042 661 1224 747 deplorant.

86 760 267 839 sequentes
292 748 459 813 clamitant
482 758 658 823 matronae,
696 769 810 811 eamne
842 747 1019 812 liberorum
1052 754 1260 833 procreem-8

88 841 210 904 dorum
236 835 474 914 condicionem,
507 855 546 898 ea
577 834 753 918 pudicitiae
784 834 930 919 praemia
962 834 1067 917 esse?,
1103 845 1223 911 cetera,

88 945 176 1012 quae
198 922 234 985 in
256 920 316 985 tali
336 943 374 985 re
396 919 564 985 muliebris
588 919 691 1001 dolor,
724 942 789 1005 quo
822 930 871 983 est
893 921 1047 984 maestior
1073 920 1225 984 inbecillo

87 1011 212 1090 animo,
235 1029 274 1072 eo
299 1005 498 1071 miserabilia
520 1006 623 1090 magis
644 1004 857 1092 querentibus
875 1005 1002 1069 subicit.
1026 1007 1169 1071 virorum
1194 1013 1260 1071 et8

88 1096 237 1160 maxime
269 1091 352 1156 Icilii
382 1113 449 1156 vox
479 1101 550 1156 tota
579 1090 774 1155 tribuniciae
804 1090 976 1175 potestatis
999 1114 1037 1155 ao
1067 1113 1224 1177 provoca-

87 1182 189 1247 tionis
206 1179 248 1242 ad
266 1176 422 1264 populum
440 1185 573 1261 ereptae
582 1176 853 1263 publicarumque
869 1177 1127 1263 indignationum
1145 1188 1224 1243 erat.

195 1263 321 1328 XLIX.
339 1261 528 1328 Concitatur
550 1262 723 1327 multitudo
747 1264 865 1348 partim
888 1267 1058 1329 atrocitate
1081 1263 1225 1344 sceleris,
1246 1272 1259 1318 1

89 1351 214 1438 partim
248 1371 307 1435 spe
338 1372 399 1435 per
430 1349 633 1413 occasionem
666 1349 866 1433 repetendae
889 1348 1059 1415 libertatis.
1097 1350 1261 1436 Appius2

90 1450 181 1501 nunc
211 1436 325 1501 vocari
353 1434 490 1511 Icilium,
522 1457 608 1498 nunc
639 1444 871 1499 retractantem
907 1438 1016 1522 arripi,
1047 1446 1225 1522 postremo,

92 1545 168 1587 cum
200 1520 292 1585 locus
322 1521 465 1584 adeundi
498 1521 739 1605 apparitoribus
770 1542 836 1583 non
867 1519 1010 1603 daretur,
1047 1524 1118 1609 ipse
1151 1545 1226 1587 cum

93 1609 224 1692 agmine
247 1608 459 1693 patriciorum
481 1607 633 1671 iuvenum
657 1629 716 1691 per
742 1607 872 1670 turbam
894 1608 1020 1672 vadens
1042 1609 1075 1671 in
1097 1607 1227 1673 vincula

94 1695 170 1759 duci
192 1692 294 1757 iubet.
316 1695 381 1757 iam
397 1692 483 1757 circa
497 1691 626 1757 Icilium
641 1715 707 1756 non
729 1691 834 1756 solum
849 1692 1032 1768 multitudo,
1049 1694 1108 1757 sed
1125 1694 1226 1759 duces
1245 1706 1260 1753 3

96 1801 160 1866 quo
187 1802 229 1844 ue
253 1777 466 1843 multitudinis
490 1787 591 1860 erant,
615 1779 653 1841 L.
677 1778 828 1843 Valerius
857 1788 889 1843 et
912 1779 956 1842 M.
978 1779 1146 1856 Horatius,
1171 1780 1227 1867 qui

96 1802 229 1950 repdlso
252 1862 376 1944 lictore,
401 1866 428 1928 si
442 1865 514 1928 iure
536 1873 659 1948 ageret,
681 1865 848 1930 vindicare
864 1887 934 1929 sea
955 1867 1083 1951 privato
1098 1864 1226 1930 lcilium

96 1951 242 2033 aiebant3
266 1951 294 2014 si
315 1952 382 2016 vim
398 1950 528 2014 adferre
552 1960 732 2030 conaretur,
756 1951 802 2015 ibi
825 1972 956 2037 quoque
973 1950 1061 2015 haud
1084 1952 1128 2015 im
1154 1974 1226 2015 ares

96 2037 177 2102 fore.
200 2035 278 2100 hinc
299 2046 395 2101 atrox
421 2037 494 2100 rixa
527 2037 637 2101 oritur.
674 2036 843 2101 Valerium
866 2038 1103 2124 Horatiumque
1129 1975 1263 2103 liotort

97 2122 275 2188 decemviri
297 2123 434 2202 invadit;
458 2122 691 2207 franguntura
713 2123 919 2187 multitudine
942 2124 1058 2188 fasces.
1095 2124 1128 2187 in
1152 2147 1227 2188 con·

96 2210 217 2274 tionem
251 2206 380 2294 Appius
412 2209 571 2291 escendit3
604 2222 783 2295 sequuntur
813 2210 969 2273 Horatius
1000 2209 1226 2296 Valeriusque.

98 2316 152 2358 eos
175 2297 283 2358 contio
306 2295 411 2375 audit3
444 2293 630 2358 decemviro
663 2295 871 2379 obstrepitur.
909 2296 975 2359 iam
1006 2318 1064 2379 pro
1088 2297 1264 2380 imperion
1344 2309 1345 2312 ’

97 2377 248 2445 Valerius
277 2379 447 2444 discedere
469 2403 489 2443 a
511 2382 639 2465 privato
673 2379 804 2444 lictores
835 2380 979 2461 iubebat,
1012 2403 1085 2444 cum
1118 2382 1227 2444 fractis

97 2467 213 2530 animis
228 2464 356 2552 Appius
378 2467 466 2530 vitae
488 2476 636 2530 metuens
657 2467 690 2529 in
707 2467 839 2530 domum
863 2489 897 2528 se
918 2468 1135 2551 propinquam
1156 2467 1226 2531 foro

96 2552 205 2616 insciis
240 2550 434 2616 adversariis
456 2554 561 2637 capite
595 2551 749 2617 obvoluto
782 2553 908 2638 recipit.
941 2551 996 2636 sp.
1022 2551 1159 2638 Oppius,
1191 2563 1262 2617 uto

97 2637 218 2702 auxilio
242 2636 397 2721 conlegae
421 2650 517 2710 esset,
549 2640 582 2701 in
603 2639 710 2703 forum
744 2661 786 2702 ex
808 2638 910 2701 altera
941 2648 1035 2724 parte
1062 2640 1226 2723 inrumpit.

96 2724 187 2788 videt
217 2723 390 2808 imperium
421 2725 454 2786 vi
475 2726 608 2789 victum.
641 2727 781 2807 agitatus
805 2725 922 2788 deinde
958 2724 1097 2789 consiliis
1129 2735 1228 2810 atque

98 2831 140 2873 ex
162 2811 251 2872 omni
273 2820 366 2894 parte
398 2808 610 2874 adsentiendo
633 2810 742 2875 multis
769 2811 955 2874 auctoribus
989 2812 1226 2896 trepidaverat3
1267 2849 1269 2853 ·

83 2905 248 2960 ¹senatum
272 2905 437 2980 postremo
459 2897 572 2960 vocari
593 2897 698 2960 iussit.
724 2918 763 2961 ea
784 2919 847 2978 res,
873 2898 960 2982 quod
984 2919 1122 2981 magnae
1144 2901 1228 2982 parti
1250 2908 1264 2956 '1

96 2992 228 3066 patrum
252 2980 425 3066 displicere
455 2992 528 3046 acta
560 2982 818 3047 decemvirorum
849 2983 1054 3063 videbantur,
1087 3005 1145 3067 spe
1168 3006 1229 3066 per

97 3076 245 3131 senatum
266 3066 427 3131 finiendae
450 3069 620 3153 potestatis
644 3071 713 3133 eius
737 3069 976 3133 multitudinem
1009 3069 1145 3133 sedavit.
1178 3081 1262 3132 ses

95 3162 191 3216 natus
223 3175 285 3217 nec
308 3153 438 3240 plebem
471 3155 666 3218 inritandam
691 3157 815 3219 censuit
847 3166 879 3220 et
904 3154 1005 3218 multo
1029 3156 1131 3238 magis
1154 3176 1227 3239 pro-

95 3238 286 3321 videndum,
323 3261 365 3304 ne
400 3240 478 3325 quid
509 3241 656 3324 Verginii
688 3241 848 3305 adventus
879 3242 912 3304 in
944 3242 1092 3304 exercitu
1122 3252 1228 3306 motus

95 3324 228 3389 faceret.

198 3409 237 3472 L.
260 3410 377 3496 Itaque
408 3412 497 3474 missi
519 3411 661 3475 iuniores
693 3421 821 3496 patrum
844 3412 876 3474 in
900 3421 1016 3492 castra,
1049 3434 1132 3496 quae
1160 3421 1259 3476 tumt

95 3494 128 3558 in
158 3506 268 3560 monte
292 3496 416 3561 Vecilio
449 3509 550 3578 erant,
582 3499 731 3561 nuntiant
754 3497 957 3578 decemviris,
989 3506 1026 3561 ut
1057 3498 1143 3560 omni
1166 3519 1228 3582 ope

95 3580 137 3645 ab
161 3581 318 3647 seditione
333 3582 452 3648 milites
468 3585 664 3648 contineant.
688 3583 734 3646 ibi
749 3582 924 3666 Verginius
941 3584 1105 3663 maiorem,
1130 3605 1229 3668 quam
1248 3600 1264 3647 2

95 3667 272 3753 reliquerat
302 3669 335 3731 in
357 3669 449 3748 urbe,
482 3679 606 3734 motum
630 3671 759 3733 excivit.
787 3691 862 3733 nam
887 3679 1117 3755 praeterquam
1140 3671 1264 3754 quoda

96 3754 224 3837 agmine
255 3776 360 3841 prope
392 3755 702 3841 quadringentorum
731 3755 897 3819 hominum
920 3757 1065 3837 veniens,
1099 3758 1155 3841 qui
1186 3756 1228 3822 ab

95 3839 176 3902 urbs
199 3839 390 3921 indignitate
423 3842 473 3906 rei
505 3842 637 3908 accensi
669 3843 806 3908 comites
839 3842 872 3908 ei
895 3864 934 3906 se
956 3841 1131 3919 dederant„
1156 3862 1233 3903 ssu-
