2738 4146
89 137 148 196 108
504 147 688 198 PERlOCHA
704 148 802 198 LIBRI
820 147 854 198 11.

88 319 177 402 dunt,
200 316 289 383 solus
312 317 469 381 Etruscos
493 317 643 380 sustinuit
666 326 698 381 et
713 325 813 400 ponte
828 325 926 401 rupto
942 323 1088 380 armatus
1103 317 1136 379 in
1152 315 1273 382 flumen

88 427 124 471 se
158 405 245 469 misit
282 413 315 468 et
352 403 394 466 ad
433 424 508 466 suos
552 403 740 466 transnavit.
786 402 927 466 accessit
964 400 1103 466 alterum
1141 404 1272 468 virtutis

89 489 275 574 exemplum
300 511 319 552 a
340 489 459 572 Mucio,
492 489 547 573 qui
571 511 643 552 cum
667 489 709 552 ad
732 488 915 552 feriendum
937 487 1132 552 Porsinnam
1166 498 1273 552 castra

88 576 230 640 hostium
254 577 416 658 intrasset,
449 576 555 639 occiso
589 575 707 656 scriba,
743 597 840 661 quem
871 595 984 658 regem
1008 596 1081 640 esse
1105 575 1271 639 existima·

88 672 189 736 verat,
225 661 468 745 conprehensus
501 662 675 747 inpositam
707 683 838 725 manum
874 659 1042 739 altaribus,
1080 661 1115 724 in
1153 660 1272 747 quibus

90 748 306 812 sacrificatum
339 757 418 830 erat,
453 750 546 811 exuri
577 769 693 831 passus
727 756 776 811 est
809 747 957 832 dixitque
988 744 1070 810 tales
1103 756 1270 812 trecentos

90 857 170 899 esse.
195 854 332 920 quorum
356 834 570 897 admiratione
593 843 725 897 coactus
748 833 908 897 Porsinna
944 833 1034 913 pacis
1058 834 1270 898 condiciones

88 920 175 984 ferre
197 919 320 983 bellum
344 920 453 982 omisit
475 920 618 1002 acceptis
643 917 821 983 obsidibus.
855 941 897 983 ex
929 919 1047 1004 quibus
1080 921 1174 1002 virgo
1207 942 1271 984 una

90 1004 214 1072 Cloelia
237 1006 381 1090 deceptis
405 1005 594 1070 custodibus
617 1026 677 1091 per
699 1004 842 1069 Tiberim
866 1004 907 1067 ad
932 1026 1007 1069 suos
1030 1007 1213 1071 transnavit
1229 1016 1269 1080 et,

90 1114 164 1156 cum
194 1092 324 1155 reddita
355 1101 451 1172 esset,
483 1113 503 1154 a
535 1091 700 1155 Porsenna
733 1090 908 1156 honorifice
940 1092 1085 1173 remissa,
1125 1094 1272 1177 equestri

90 1187 197 1243 statua
220 1179 338 1242 donata
361 1188 418 1241 est.
442 1177 600 1241 adversus
622 1177 834 1261 Tarquinium
857 1176 1042 1261 Superbum
1074 1199 1150 1241 cum
1182 1177 1271 1242 Lati·

88 1287 204 1330 norum
249 1264 393 1327 exercitu
438 1263 559 1327 bellum
603 1264 793 1328 inferentem
830 1263 870 1326 A.
909 1263 1094 1327 Postumius
1134 1264 1272 1329 dictator

113 1371 248 1435 respere
270 1348 435 1435 pugnavit.
468 1348 555 1435 App.
581 1347 735 1413 Claudius
766 1371 810 1413 ex
841 1348 968 1413 Sabinis
998 1347 1136 1412 Romam
1167 1359 1271 1415 trans·

88 1373 186 1519 Cgim
224 1434 265 1498 ob
300 1435 363 1498 hoc
392 1433 528 1499 Claudia
560 1435 664 1499 tribus
696 1435 825 1499 adiecta
862 1446 894 1500 et
930 1455 1085 1499 numerus
1124 1435 1271 1502 tribuum

90 1521 262 1607 ampliatus
286 1529 345 1603 est,
368 1530 405 1584 ut
428 1532 536 1585 essent
557 1522 670 1604 viginti
693 1543 766 1584 una.
791 1520 884 1607 plebs
907 1543 982 1586 cum
1004 1531 1143 1670 propter
1166 1544 1271 1588 nexos

90 1607 132 1672 ob
157 1629 212 1671 aes
236 1606 376 1671 alienum
398 1608 429 1669 in
447 1607 582 1671 Sacrum
598 1616 740 1670 montem
757 1609 953 1685 secessisset,
977 1610 1065 1671 consi
1080 1609 1111 1672 io
1128 1609 1272 1674 Menenii

89 1694 259 1779 Agrippae
283 1716 302 1755 a
325 1694 484 1757 seditione
507 1703 660 1758 revocata
684 1703 742 1758 est.
774 1693 861 1758 idem
884 1692 1035 1778 Agrippa
1058 1715 1133 1757 cum
1158 1695 1270 1760 deces-

90 1781 195 1863 sisset,
219 1788 355 1865 propter
377 1788 605 1865 paupertatem
629 1778 759 1862 publico
782 1780 936 1863 inpendio
954 1779 1057 1843 elatus
1074 1791 1132 1844 est.
1149 1781 1271 1845 tribuni

89 1865 196 1952 plebis
219 1867 361 1951 quinque
386 1866 486 1928 creati
510 1874 593 1929 sunt.
617 1866 774 1949 oppidum
789 1864 982 1930 Volscorum
1000 1864 1122 1930 Corioli
1138 1879 1272 1953 captum

91 1964 139 2016 est
161 1954 282 2015 virtute
306 1962 338 2014 et
362 1972 462 2036 opera
486 1949 543 2015 Cn.
568 1951 691 2033 Marcii,
716 1953 772 2037 qui
787 1952 828 2016 ob
845 1951 909 2016 hoc
925 1950 1118 2017 Coriolanus
1134 1963 1272 2018 vocatus

92 2048 151 2101 est.
185 2037 222 2100 Τ.
246 2037 403 2116 Latinius,
439 2038 489 2100 vir
512 2037 552 2101 de
575 2036 682 2122 plebe,
706 2059 779 2101 cum
801 2039 833 2101 in
856 2040 929 2102 visu
951 2039 1146 2120 admonitus,
1169 2050 1207 2104 ut
1230 2040 1272 2105 de
1311 2076 1313 2081 ·

91 2123 287 2210 quibusdam
312 2122 524 2206 religionibus
548 2123 589 2187 ad
614 2133 761 2187 senatum
789 2123 958 2208 perferret,
990 2125 1023 2187 id
1057 2124 1271 2208 neglexisset,

90 2211 207 2272 amisso
229 2208 295 2273 filio
312 2209 451 2294 pedibus
468 2208 584 2273 debilis
599 2209 713 2292 factus,
729 2219 901 2295 postquam
919 2209 1045 2273 delatus
1061 2211 1105 2275 ad
1120 2221 1270 2277 senatum

89 2295 205 2360 lectica
237 2295 352 2359 eadem
384 2295 439 2358 illa
469 2295 681 2376 indicaverat,
718 2319 780 2360 usu
811 2296 932 2382 pedum
965 2305 1099 2381 recepto
1135 2298 1270 2362 domum

88 2403 241 2447 reversus
265 2392 323 2446 est.
348 2405 420 2446 cum
445 2380 502 2445 Cn.
526 2381 669 2446 Marcius
694 2380 895 2464 Coriolanus,
920 2383 976 2469 qui
997 2383 1182 2448 inexilium
1200 2396 1272 2449 erat

89 2468 210 2553 pulsus,
246 2468 315 2532 dux
349 2468 541 2532 Volscorum
573 2468 678 2531 factus
713 2469 893 2533 exercitum
925 2469 1065 2533 hostium
1104 2470 1179 2535 urbi
1214 2472 1271 2536 ad·

89 2556 247 2619 movisset
269 2565 302 2618 et
324 2556 414 2618 missi
437 2555 478 2617 ad
508 2576 582 2617 eum
613 2555 755 2638 primum
789 2552 898 2638 legati,
932 2565 1047 2640 postea
1079 2558 1271 2623 sacerdotes

88 2640 207 2704 frustra
231 2641 396 2723 deprecati
420 2650 537 2720 essent,
571 2661 612 2702 ne
647 2638 769 2703 bellum
797 2641 922 2725 patriae
956 2642 1099 2723 inferret,
1132 2643 1272 2709 Veturia

89 2735 194 2789 mater
217 2737 250 2789 et
272 2726 448 2789 Volumnia
469 2747 553 2789 uxor
575 2727 834 2809 impetraverunt
855 2726 897 2791 ab
931 2749 981 2808 eo,
1016 2738 1053 2791 ut
1085 2730 1271 2796 recederet

88 2811 144 2876 lex
174 2814 303 2894 agraria
334 2813 474 2896 primum
509 2812 574 2876 lata
607 2821 664 2875 est.
704 2811 759 2896 Sp.
794 2811 926 2878 Cassius
965 2811 1146 2878 consularis
1177 2818 1271 2901 regni

89 2899 221 2962 crimine
254 2897 424 2961 damnatus
458 2909 508 2961 est
540 2907 748 2984 necatusque.
788 2921 861 2962 cum
894 2900 992 2963 vicini
1025 2897 1181 2967 Veientes
1222 2905 1271 2967 in·

89 2984 251 3048 commodi
282 2986 385 3068 magis
418 3005 520 3069 quam·
548 3005 666 3068 graves
705 2994 821 3066 essent,
859 2985 982 3048 familia
1019 2984 1198 3052 Fabiorum
1235 2990 1269 3054 id

89 3070 211 3134 bellum
241 3071 420 3154 gerendum
455 3070 649 3155 depoposcit
681 3071 832 3157 misitque
869 3072 902 3156 in
940 3072 981 3133 idv
1009 3081 1174 3139 trecentos
1210 3097 1270 3140 sex

87 3167 240 3238 armatos,
265 3158 320 3242 qui
345 3158 384 3219 ad
409 3154 596 3221 Cremeram
629 3166 760 3241 praeter
790 3180 889 3221 unum
925 3157 966 3221 ab
1001 3156 1149 3224 hostibus
1182 3164 1269 3227 caesi

88 3254 170 3309 sunt.
194 3242 279 3327 App.
305 3242 460 3307 Claudius
484 3242 605 3325 consul,
631 3266 704 3306 cum
727 3244 882 3308 adversus
905 3243 1045 3308 Volscos
1062 3250 1268 3312 contumacia

88 3330 249 3395 exercitus
284 3329 368 3393 male
401 3339 580 3416 pugnatum
615 3340 710 3410 esset,
745 3330 907 3394 decimum
931 3352 1095 3417 quemque
1127 3333 1267 3398 militum

86 3416 172 3481 fuste
194 3418 363 3501 percussit.
388 3439 440 3479 res
463 3425 634 3499 praeterea
658 3415 815 3479 adversus
839 3415 977 3480 Volscos
1002 3427 1034 3480 et
1057 3416 1220 3486 Hernicos
1236 3429 1269 3486 et

88 3501 242 3567 Veientes
267 3513 299 3567 et
321 3503 496 3566 seditiones
519 3503 602 3566 inter
626 3511 734 3587 patres
758 3501 955 3587 plebemque
979 3505 1132 3570 continet.
