2738 4146
86 120 127 181 92
372 136 481 186 arnna
498 137 533 188 11.
552 135 628 187 car.
646 140 688 187 rs.
706 138 748 186 rc.
768 135 803 204 [a.
824 137 854 187 u.
873 153 896 188 e.
914 135 984 206 2741.

137 318 186 374 est
207 329 273 372 non
296 306 374 370 dare
396 308 532 390 signum,
555 307 617 370 nisi
632 307 774 372 victores
790 330 825 371 se
840 309 1003 373 redituros
1020 332 1064 374 ex
1079 308 1144 374 hac
1158 333 1275 397 pugna

137 396 253 460 iurant.
276 391 440 457 consulem
464 392 643 456 Romanum
665 392 758 456 miles
781 393 882 457 semel
906 396 938 457 in
959 397 1029 459 acie
1045 394 1172 480 fefellit,
1191 399 1274 463 deos

136 502 313 565 numquam
334 477 453 542 fallet.“
479 480 625 544 centurio
649 491 719 543 crat
735 479 778 542 M.
795 479 992 563 Flauoleius,
1008 482 1093 546 inter
1110 484 1274 566 primores

95 578 265 652 14pugnae
295 564 467 648 flagitator.
507 567 650 647 ,vict0r“
684 566 796 650 inquit,
833 565 896 646 ηΜ.
921 565 1015 650 Fabi,
1047 579 1201 633 revertar
1229 593 1274 635 ex

139 650 237 717 acie.“
275 653 301 715 si
322 650 422 734 sallat,
445 650 558 715 Iovem
582 661 709 737 patrem
734 650 979 738 Gradivumque
1003 653 1144 719 Martem
1175 653 1272 720 alios·

139 763 201 825 quc
222 739 322 802 iratos
344 739 474 801 invocat
497 738 585 800 deos.
617 737 705 800 idem
729 738 882 824 deinceps
914 739 1018 803 omnis
1047 740 1215 804 exercitus
1238 744 1272 806 in

139 847 173 889 se
196 825 334 911 quisque
356 825 448 887 iurat.
472 824 583 887 iuratis
607 823 702 887 datur
724 824 865 907 signum3
894 846 985 888 arma
1008 827 1156 910 capiunt;
1190 839 1271 893 eunt

95 913 170 975 ltin
224 933 342 992 ugnam
379 911 501 974 irarum
538 910 673 996 speique
709 909 806 995 pleni.
844 932 930 975 nunc
962 910 1076 975 iubent
1106 911 1269 979 Etruscos

138 934 260 1081 probra
281 999 398 1079 iacere,
428 1017 515 1059 nunc
549 996 663 1059 armati
696 996 757 1059 sibi
785 997 921 1082 quisque
944 996 1055 1082 lingua
1077 1009 1269 1084 promptum

95 1082 262 1147 lehostem
295 1082 413 1146 offerri.
453 1082 593 1145 omnium
627 1081 681 1145 illc
715 1083 778 1166 die,
802 1104 866 1169 qua
888 1081 1004 1168 plebis,
1037 1105 1103 1170 qua
1125 1095 1269 1171 patrum,

139 1170 257 1234 eximia
279 1170 380 1232 virtus
403 1168 478 1247 fuit3
507 1167 647 1231 Fabium
678 1189 795 1232 nomeu
827 1171 969 1232 maxime
1003 1171 1125 1234 enituit.
1158 1172 1269 1237 multis

139 1254 286 1320 civilibus
310 1253 538 1318 certaminibus
560 1255 703 1318 infensos
727 1252 831 1338 plebis
855 1257 979 1319 animos
1001 1254 1057 1318 illa
1079 1278 1192 1341 pugna
1207 1259 1269 1325 sibi

137 1340 347 1406 reconciliare
372 1350 524 1404 statuunt.

98 1445 112 1492 1
239 1426 361 1491 XLVI.
385 1427 557 1490 instruitur
580 1427 675 1508 acies,
698 1433 758 1491 nec
780 1425 901 1490 Veiens
922 1425 1024 1490 hostis
1038 1426 1268 1516 Etruscaeque

136 1511 282 1597 legiones
307 1514 499 1576 detractant.
523 1533 627 1596 prope
650 1523 740 1576 certa
763 1535 838 1596 spes
862 1522 932 1576 erat
953 1534 1019 1578 non
1034 1515 1138 1596 magis
1154 1538 1267 1582 secum

136 1611 346 1684 pugnaturos,
370 1621 467 1687 quam
489 1601 706 1683 pugnaverint
728 1620 801 1662 cum
824 1597 964 1685 Aequis3
998 1600 1101 1663 maius
1134 1621 1268 1689 quoque

138 1683 266 1772 aliquod
290 1686 322 1748 in
346 1696 411 1748 tam
434 1686 573 1748 inritatis
596 1685 709 1748 animis
743 1694 776 1748 et
808 1686 979 1749 occasione
1012 1685 1147 1769 ancipiti
1179 1687 1266 1753 baud

98 1790 113 1838 2
139 1772 376 1856 desperandum
400 1794 472 1836 esse
494 1771 628 1835 facinus.
652 1793 705 1835 res
729 1770 822 1835 aliter
843 1770 940 1854 longe
963 1773 1086 1854 evenit3
1108 1794 1186 1838 nam
1203 1796 1267 1838 uon

137 1856 199 1922 alio
223 1867 298 1922 ante
321 1856 407 1923 bello
433 1858 578 1921 infestior
600 1856 763 1920 Romanus
787 1893 827 1903 -
851 1857 934 1921 adeo
958 1856 1034 1922 hinc
1061 1858 1267 1925 contumeliis

137 1944 258 2023 hostes,
295 1943 371 2007 hinc
409 1943 557 2007 consules
594 1965 685 2006 mora
717 1942 998 2008 exacerbaverant
1032 1981 1067 1990 -
1103 1946 1267 2030 proelium

95 2049 112 2098 8
136 2031 214 2094 iniit.
238 2030 295 2094 vix
318 2029 502 2114 explicandi
527 2029 655 2094 ordines
678 2031 816 2113 spatium
840 2030 986 2094 Etruscis
1008 2029 1077 2113 fuit,
1101 2052 1177 2095 cum
1193 2031 1266 2118 pilis

136 2116 221 2180 inter
252 2116 389 2201 primam
421 2115 670 2200 trepidationem
703 2116 837 2178 abiectis
874 2126 998 2181 temere
1028 2118 1134 2200 magis
1166 2140 1267 2203 quam

138 2202 262 2265 emissis
285 2224 393 2285 pugna
414 2202 484 2282 iam,
500 2202 533 2264 in
555 2223 679 2283 manus,
701 2202 765 2264 iam
789 2202 830 2264 ad
854 2200 989 2284 gladios,
1022 2203 1080 2266 ubi
1102 2201 1194 2268 Mars
1217 2214 1267 2270 est

94 2308 112 2356 4
136 2288 364 2370 atrocissimus,
388 2298 531 2352 venerat.
556 2289 640 2350 inter
663 2289 822 2372 primores
849 2310 952 2372 genus
975 2287 1115 2352 Fabium
1138 2290 1265 2375 insigne

136 2374 321 2458 spectaculo
345 2372 562 2460 exemploque
584 2373 710 2438 civibus
734 2384 813 2437 erat.
852 2396 895 2439 ex
921 2374 971 2439 his
995 2372 1036 2454 Q.
1060 2374 1201 2441 Fabium
1225 2412 1266 2424 -

136 2461 231 2525 tertio
254 2459 308 2524 hic
331 2482 414 2525 anno
439 2470 515 2524 ante
538 2459 651 2524 consul
672 2459 778 2524 fuerat
800 2496 841 2505 -
857 2461 1037 2545 principem
1052 2461 1085 2522 in
1103 2462 1266 2526 confertos

134 2546 289 2611 Veientes
312 2557 441 2612 euntem
464 2547 557 2611 ferox
579 2546 702 2610 viribus
726 2557 758 2611 et
781 2568 943 2611 armorum
969 2558 1038 2610 arte
1060 2545 1197 2630 Tuscus,
1219 2550 1265 2612 in·

136 2642 267 2697 cautum
288 2633 372 2696 inter
394 2632 512 2697 multas
533 2643 719 2697 versantem
750 2633 891 2697 hostium
913 2655 1040 2716 manus,
1072 2631 1182 2717 gladio
1206 2657 1266 2720 per

136 2729 250 2804 pectus
282 2719 457 2801 transfigit;
493 2717 557 2783 telo
591 2730 735 2783 extracto
766 2741 922 2803 praeceps
945 2718 1068 2784 Fabius
1091 2720 1123 2783 in
1146 2718 1265 2786 vulnus

96 2828 112 2875 5
137 2805 225 2868 abiit.
264 2806 363 2868 sensit
393 2816 531 2890 utraque
562 2806 649 2869 acies
681 2809 776 2870 unius
810 2806 871 2868 viri
905 2828 1025 2888 casum,
1057 2805 1265 2893 cedebatque

135 2891 212 2954 inde
244 2890 417 2973 Romanus,
453 2913 526 2954 cum
562 2889 606 2953 M.
638 2891 760 2956 Fabius
793 2890 903 2956 consul
935 2890 1097 2956 transiluit
1129 2893 1264 2958 iacentis

55 3022 58 3035 .
137 2998 256 3060 corpus
290 2976 482 3061 obiectaque
513 2999 626 3060 parma
659 2977 740 3059 „hoc
771 2978 920 3042 iurastis“
960 2978 1074 3062 inquit,
1114 2979 1264 3061 „milites

96 3087 112 3134 a
135 3063 297 3146 fugientes
320 3084 378 3126 vos
400 3062 432 3124 in
456 3072 564 3126 castra
585 3063 768 3128 redituros?
796 3067 878 3129 adeo
902 3065 1129 3147 ignavissimos
1154 3064 1263 3131 hostes

137 3149 238 3231 magis
261 3148 381 3212 timetis
404 3170 501 3232 quam
523 3149 635 3214 Iovem
658 3151 872 3239 Martemque,
904 3173 963 3236 per
998 3172 1080 3238 quos
1110 3150 1264 3216 iurastis?

136 3249 170 3298 at
193 3257 253 3318 ego
276 3236 432 3297 iniuratus
462 3243 517 3298 aut
538 3237 642 3300 victor
664 3250 810 3302 revertar
841 3248 897 3301 aut
928 3259 1032 3322 prope
1063 3247 1096 3301 te
1127 3237 1190 3322 hic,
1223 3238 1263 3319 Q.

135 3320 229 3405 Fabi,
254 3320 410 3384 dimicans
434 3321 577 3386 cadam.“
613 3324 735 3388 consuli
766 3335 835 3388 tum
858 3323 963 3388 Caeso
986 3322 1119 3407 Fabius,
1142 3325 1263 3409 prioris

136 3409 211 3471 anni
234 3406 360 3470 consul:
387 3406 556 3488 ,verbisne
580 3409 658 3492 istis,
681 3409 790 3493 frater,
819 3421 854 3475 ut
876 3421 1031 3496 pugnent,
1053 3419 1086 3474 te
1110 3411 1263 3497 impetra·

97 3521 111 3568 7
135 3501 243 3557 turum
266 3492 396 3557 credis?
427 3493 472 3556 dii
495 3494 724 3580 impetrabunt,
747 3519 808 3580 per
831 3520 912 3583 quos
939 3497 1105 3574 iuravere;
1139 3508 1263 3583 etuas,

119 3589 170 3643 'ut
193 3580 287 3643 decet
309 3600 473 3665 proceres,
502 3591 538 3642 ut
559 3581 662 3646 Fabio
686 3585 815 3648 nomine
839 3593 889 3647 est
912 3583 1054 3666 dignum,
1087 3583 1261 3668 pugnando

134 3666 241 3766 potius
266 3686 363 3750 quam
384 3664 587 3730 adhortando
611 3669 826 3733 accendamus
857 3668 994 3733 militum
1025 3669 1182 3732 animos.“
1217 3671 1265 3735 sic

135 3774 167 3814 1n
198 3753 337 3835 primum
369 3750 491 3815 infestis
524 3752 623 3818 hastis
655 3757 826 3840 provolant
864 3756 928 3821 duc
967 3754 1063 3819 Fabii
1094 3764 1262 3843 totamque

136 3847 309 3902 moverunt
331 3860 440 3901 secum
464 3840 575 3903 aciem.
