2738 4146
323 124 434 175 nmnn
450 123 523 174 xxa
542 125 618 176 cae.
637 127 678 176 aa.
698 128 739 176 ar.
759 124 796 194 [a.
816 126 848 177 n.
867 143 889 178 ι.
909 125 982 196 aas}
1192 116 1251 173 127

62 296 211 364 delectos
234 298 359 382 equites
383 296 520 361 ducibus
542 296 799 364 Massiliensibus
824 308 856 363 et
870 298 1080 364 auxiliaribus
1098 298 1200 366 Gallis

62 386 106 449 ad
129 406 147 448 a
197 381 336 448 loranda
358 385 467 448 omnia
487 384 704 470 visendosque
728 406 771 448 ex
791 394 860 449 tuto
883 385 993 450 hostes
1014 389 1199 472 praemittit.

62 472 175 536 Hanni
199 467 232 534 al
255 471 370 534 ceteris
400 478 490 532 metu
515 478 571 534 aut
596 472 700 556 pretio
727 473 849 556 pacatis
876 474 940 535 iarn
967 475 999 535 in
1025 471 1200 537 Volcarum
1223 491 1239 538 6

61 563 262 646 pervenerat
282 576 406 637 agrum,
430 557 533 637 gentis
557 556 693 620 validae.
718 554 828 620 colunt
850 567 958 621 autem
979 561 1066 622 circa
1080 567 1199 622 utram·

60 665 127 731 que
150 645 255 730 ripam
280 639 444 721 Rhodani3
468 641 526 706 sed
550 640 647 706 diffisi
670 644 818 707 citeriore
834 665 913 727 agro
934 647 1038 708 arceri
1054 644 1199 709 Poenum

61 750 172 818 posse,
200 736 238 793 ut
263 726 383 791 flumen
409 749 469 814 pro
495 730 695 792 munimento
723 727 890 808 haberent,
920 729 1069 795 omnibus
1097 729 1200 796 ferme

60 819 129 881 suis
151 824 243 880 bans
266 813 461 878 Rhodanum
482 815 624 879 traiectis
646 814 832 879 ulteriorem
857 817 960 902 ripam
984 819 1085 880 amnis
1102 820 1237 883 armis?

58 900 263 968 obtinebant.
302 908 428 964 ceteros
466 898 594 965 accolas
631 899 770 966 fluminis
808 899 973 965 Hannibal
1019 912 1051 966 et
1088 924 1200 968 eorum

61 992 220 1076 ipsorum,
243 1007 326 1132 quos
349 984 444 1049 sedes
467 1006 545 1049 suae
567 995 745 1065 tenuerant,
774 985 869 1051 simul
891 987 1019 1074 perlicit
1042 988 1134 1053 donis
1157 989 1200 1051 ad

60 1095 164 1138 naves
194 1073 341 1157 unique
373 1069 610 1136 contrahendas
644 1071 924 1158 fabricandasque,
957 1073 1051 1138 simul
1081 1084 1113 1138 et
1138 1077 1200 1162 ipsi

60 1161 155 1224 traici
189 1159 372 1221 exercitum
404 1155 571 1242 levarique
607 1180 705 1243 quam
735 1161 875 1244 primum
908 1163 1075 1242 regionem
1108 1183 1200 1225 suam

60 1256 152 1310 tanta
174 1244 341 1309 hominum
363 1253 498 1324 urgentc
520 1243 617 1308 turba
631 1243 812 1330 cupiebant.
836 1247 944 1330 itaque
959 1249 1071 1328 ingens
1088 1256 1200 1311 coacta
1220 1265 1237 1313 8

61 1334 111 1396 vis
133 1333 268 1395 navium
291 1337 340 1393 est
360 1327 568 1415 lintriumque
590 1338 713 1392 temere
736 1330 778 1394 ad
800 1331 970 1394 vicinalem
994 1355 1088 1396 usum
1104 1355 1198 1418 para·

58 1428 185 1498 tarum3
222 1437 324 1479 novas
348 1436 389 1478 ue
422 1412 500 1478 alias
550 1417 666 1478 limum
700 1414 787 1480 Galli
818 1416 1007 1482 incohantes
1039 1417 1200 1485 cavabant

57 1525 106 1567 ex
137 1501 273 1585 singulis
304 1522 339 1564 ar
365 1498 485 1581 oribus,
525 1439 641 1564 deinde
674 1510 707 1565 et
736 1503 798 1588 ipsi
828 1500 946 1566 milites
977 1502 1072 1567 simul
1105 1527 1143 1569 co
1168 1507 1233 1569 iar

61 1591 219 1654 materiae
241 1585 336 1651 simul
357 1584 509 1651 facilitate
531 1589 637 1673 operis
659 1587 783 1652 inducti
802 1586 911 1653 alveos
926 1587 1090 1672 informes,
1105 1529 1197 1673 nillil,

59 1673 242 1740 dnmmodo
264 1675 377 1737 innare
403 1693 508 1758 aquae
539 1680 571 1735 et
597 1694 715 1760 capere
742 1695 841 1738 onera
867 1684 1009 1760 possent,
1037 1685 1197 1751 curantes,

59 1763 190 1849 raptim,
236 1757 332 1823 uibus
354 1779 389 1823 se
412 1779 535 1843 suaque
558 1757 812 1840 transveherent,
835 1758 1006 1825 faciebant.

146 1844 218 1910 XX
248 1844 294 1910 H.
310 1843 446 1929 Iamque
461 1843 609 1909 omnibus
625 1846 702 1908 satis
718 1846 910 1931 comparatis
928 1846 969 1909 ad
984 1847 1199 1913 traiciendum
1218 1856 1231 1903 1

59 1931 232 1998 terrebant
246 1954 289 1996 ex
302 1930 441 1994 adverso
455 1929 565 1994 hostes
585 1952 714 1996 omnem
729 1935 834 2017 ripam
850 1933 975 2017 equites
990 1933 1116 2018 virique
1141 1933 1197 1999 ob·

60 2020 211 2083 tinentes.
245 2035 327 2103 quos
349 2025 385 2080 ut
410 2025 580 2095 averteret,
617 2016 820 2096 Hannonem,
856 2016 1048 2082 Bomilcaris
1084 2018 1232 2101 filium,2

58 2103 173 2189 vigilia
193 2124 300 2191 pruma
321 2102 423 2168 noctis
447 2123 520 2166 curn
541 2112 634 2188 parte
657 2125 694 2167 co
720 2104 833 2184 iarum,
865 2111 1008 2168 maxime
1030 2104 1195 2196 Hispanis,

56 2191 203 2254 adverso
233 2187 366 2254 flumine
395 2188 444 2250 ire
475 2188 537 2251 iter
568 2189 663 2252 unius
691 2127 754 2252 diei
781 2188 872 2253 iubet
899 2199 938 2266 ct,
971 2190 1028 2255 ubi
1055 2195 1195 2278 primum

57 2279 174 2364 possit,
197 2297 296 2361 quam
311 2272 527 2341 occultissime
549 2275 683 2338 traiecto
706 2274 792 2339 amni
808 2275 1052 2341 circumducere
1067 2300 1194 2358 agmen,
1215 2288 1231 2336 3

57 2373 104 2447 ut,
129 2384 204 2428 cum
228 2384 246 2429 o
270 2383 309 2426 us
330 2358 416 2425 facto
440 2359 490 2443 sit,
513 2360 677 2424 adoriatur
692 2360 734 2424 ab
754 2370 846 2445 tergo
862 2361 982 2426 hostes.
1006 2363 1047 2425 ad
1071 2363 1104 2425 id
1129 2364 1194 2427 dati
1214 2376 1232 2424 4

55 2449 162 2514 duces
198 2446 249 2512 Ga
276 2447 283 2461 ‘
316 2447 456 2511 edocent
485 2445 563 2509 inde
592 2445 681 2509 milia
712 2446 854 2532 quinque
887 2456 920 2511 et
948 2449 1060 2531 viginti
1091 2448 1194 2513 ferme

54 2557 97 2600 su
121 2556 161 2598 ra
182 2554 306 2621 parvae
327 2531 452 2596 msulae
475 2532 706 2596 circumfusum
728 2554 856 2597 amnem
878 2531 1001 2616 latiore,
1031 2533 1088 2598 ubi
1113 2535 1192 2598 divi·

54 2558 210 2702 debatur,
241 2639 346 2704 eoque
376 2617 482 2682 minus
514 2617 578 2682 alto
608 2616 702 2682 alveo
733 2619 903 2682 transitum
931 2620 1113 2684 ostendere.
1146 2621 1226 2685 ibis

54 2708 178 2794 raptim
209 2725 307 2769 caesa
334 2704 472 2769 materia
501 2711 653 2789 ratesque
683 2702 868 2784 fabricatae,
900 2704 933 2766 in
967 2706 1085 2790 quibus
1118 2709 1193 2792 equi

55 2793 188 2878 virique
211 2800 245 2856 et
264 2789 330 2855 alia
351 2810 452 2855 onera
472 2789 693 2854 traicerentur.
717 2789 856 2877 Hispani
873 2790 942 2854 sine
963 2789 1031 2856 ulla
1051 2791 1138 2857 mole
1160 2794 1193 2857 in

54 2888 147 2944 utres
179 2876 379 2943 vestimentis
412 2875 576 2957 coniecb's,
613 2875 676 2961 ipsi
707 2877 823 2940 caetris
856 2878 1067 2963 superpositis
1103 2879 1191 2944 incn-
1200 2910 1251 2960 s>

53 2964 183 3048 bontas,
210 2961 332 3029 flumen
358 2971 538 3026 tranavere.
571 2970 603 3025 et
629 2959 711 3026 alius
739 2962 899 3027 exercitus
927 2962 1051 3028 ratibus
1076 2960 1226 3032 iunctis'b

53 3051 222 3133 traiectus,
245 3049 359 3113 castris
380 3068 484 3135 prope
505 3045 627 3112 flumen
641 3048 765 3133 positis,
788 3058 945 3113 nocturno
961 3049 1077 3113 itinere
1093 3060 1190 3134 atquc

52 3159 75 3202 o
100 3135 166 3201 eris
188 3133 304 3200 labore
324 3133 430 3198 fessus
454 3133 561 3218 quiete
582 3133 677 3198 unius
702 3132 766 3196 diei
788 3133 941 3216 reficitur,
966 3137 1086 3200 intento
1108 3136 1191 3200 duce

54 3160 98 3287 ad
123 3219 294 3288 consilium
327 3227 508 3307 oportune
540 3219 795 3303 exsequendum.
823 3230 955 3306 postero
979 3221 1031 3284 die
1053 3221 1227 3306 profectis

51 3330 98 3373 cx
135 3307 211 3374 loco
250 3307 336 3372 edito
368 3242 459 3370 liano
490 3305 672 3388 significant
703 3308 857 3369 transisse
889 3316 922 3370 et
953 3305 1040 3370 haud
1075 3306 1191 3392 procul

56 3392 186 3460 abesse.
210 3392 299 3479 quod
321 3391 380 3457 ubi
401 3391 527 3477 accepit
547 3389 724 3473 Hannibal,
747 3413 789 3455 nc
811 3393 949 3478 tempori
973 3392 1111 3474 deesset,
1135 3392 1192 3457 dat

52 3481 184 3565 signum
219 3480 262 3543 ad
297 3476 522 3543 traiciendum.
558 3477 624 3541 iam
656 3486 787 3563 paratas
821 3487 1011 3564 aptatasque
1048 3477 1227 3544 habebat8

51 3565 157 3653 pedes
180 3564 303 3646 lintres,
328 3585 429 3651 eques
443 3562 513 3626 fere
528 3572 663 3649 propter
678 3585 780 3648 equos
801 3585 910 3627 naves.
927 3564 1059 3628 navium
1074 3586 1191 3648 agmen

52 3650 97 3717 ad
128 3651 360 3739 excipiendum
391 3647 521 3713 adversi
552 3648 709 3735 impetum
739 3648 879 3713 fluminis
907 3659 1000 3735 parte
1023 3651 1190 3736 superiore

50 3739 275 3804 transmittens
297 3733 562 3820 tranquillitatem
584 3734 667 3797 infra
689 3735 911 3799 traicientibus
934 3734 1083 3800 lintribus
1098 3759 1191 3822 prae-

52 3822 164 3890 bebat
189 3846 349 3911 equorum
370 3842 447 3908 pars
469 3841 587 3902 magna
608 3829 722 3885 nantes
746 3821 823 3886 loris
858 3843 877 3885 a
898 3819 1067 3908 puppibus
1085 3822 1200 3885 trabe·
1217 3839 1241 3883 a
