2738 4146
29 153 32 159 ¹
90 141 149 198 118
357 146 466 196 nrnnn
484 145 556 196 xxi.
575 145 650 197 our.
670 147 711 196 13.
732 147 772 196 14.
792 143 827 214 [a.
844 144 878 196 u.
897 161 919 195 ο.
938 144 1008 212 ssu.

141 317 251 383 nibale
275 318 317 381 ad
341 339 401 382 vos
430 317 618 397 rettulisset,
655 339 932 400 supervacaneum
964 316 1027 382 hoc
1056 315 1137 382 mihi
1166 316 1281 383 fuisset

141 407 213 488 iter,
243 424 307 489 quo
331 425 393 467 nec
417 412 527 468 orator
549 403 742 468 Hannibalis
765 425 826 467 nec
847 403 1016 487 transfuga
1038 405 1081 467 ad
1104 423 1163 466 vos
1188 406 1278 486 veni;

108 491 200 560 ased
226 512 300 553 cum
316 489 371 553 ille
393 498 451 553 aut
466 500 576 553 vestra
599 498 655 553 aut
675 511 733 553 sua
749 488 846 578 eulpa
868 491 1023 553 manserit
1046 489 1133 575 apud
1150 487 1278 553 hostem

142 599 276 660 -sua,
300 577 327 638 si
352 584 473 639 metum
496 575 670 659 simulavit,
702 584 822 656 vestra,
856 576 884 638 si
907 574 1090 659 periculum
1114 585 1164 639 est
1187 576 1275 660 apud

143 685 202 728 vos
225 683 305 728 vera
327 660 546 725 referentibus
563 698 615 745 -,
631 682 702 746 ega,
726 683 767 726 ne
783 663 976 745 ignoraretis
1001 683 1073 726 esse
1097 660 1222 746 aliquas
1246 672 1279 726 et

144 747 257 813 salutis
296 756 329 811 et
364 748 455 831 pacis
488 747 582 811 vobis
616 748 832 828 condiciones,
872 770 930 832 pro
961 759 1092 812 vetusto
1126 748 1278 832 hospitio,

109 834 233 921 3qu0d
255 833 335 896 mihi
368 833 537 897 vobiscum
561 842 620 917 est,
654 834 778 897 advos
802 835 885 897 veni.
909 843 1022 897 vestra
1043 843 1153 898 autem
1177 855 1277 897 causa

144 943 198 984 me
221 942 283 984 nec
306 917 403 983 ullius
426 918 559 983 alterius
582 918 683 1004 loqui,
707 941 791 1005 quae
814 919 931 1005 loquor
952 920 1041 1005 apud
1065 943 1135 1003 vos,
1162 919 1216 984 vel
1240 942 1279 984 ea

77 1027 81 1037 ·
143 1006 226 1070 fides
250 1007 300 1087 sit,
325 1005 414 1090 quod
438 1027 554 1091 neque,
579 1005 655 1069 dum
670 1007 787 1069 'vestris
810 1006 935 1069 viribus
958 1007 1132 1090 restitistis,
1156 1028 1275 1091 neque,

144 1093 222 1158 dum
245 1091 367 1155 auxilia
389 1090 430 1154 ab
445 1091 600 1155 Romanis
623 1092 789 1176 sperastis,
811 1092 903 1176 pacis
927 1114 1083 1178 umquam
1105 1093 1195 1176 apud
1218 1114 1279 1156 vos

107 1179 342 1250 amentionem
363 1175 437 1241 feci.
471 1187 646 1263 postquam
677 1199 738 1241 neo
770 1176 811 1240 ab
834 1177 989 1242 Romanis
1020 1178 1116 1242 vobis
1138 1176 1207 1241 ulla
1229 1188 1279 1241 est

144 1287 230 1349 spes,
262 1285 323 1327 nee
344 1272 456 1328 vestra
477 1285 536 1326 vos
559 1266 622 1326 iam
646 1273 702 1327 aut
723 1285 815 1327 arma
836 1273 892 1326 aut
915 1265 1043 1327 moenia
1066 1266 1143 1327 satis
1168 1264 1277 1328 defen·

145 1351 234 1432 dunt,
250 1370 365 1433 pacem
388 1349 499 1413 adfero
515 1349 557 1412 ad
580 1372 639 1413 vos
655 1349 757 1431 magis
772 1351 987 1413 necessariam
1004 1370 1102 1435 qnam
1126 1371 1276 1435 aequam.

109 1437 236 1504 ncuius
259 1437 304 1498 ita
327 1434 436 1519 aliqua
452 1457 526 1519 spes
550 1444 608 1514 est,
631 1435 659 1498 si
674 1456 757 1514 eam,
780 1456 878 1520 quem
901 1436 942 1498 ad
966 1437 1099 1499 modum
1122 1445 1158 1499 ut
1173 1438 1294 1502 victor.

143 1521 208 1586 fert
231 1519 407 1599 Hannibal,
443 1522 489 1584 sic
526 1542 585 1585 vos
608 1530 644 1584 ut
675 1522 753 1584 victi
785 1521 933 1603 audietis,
969 1531 1002 1585 et
1023 1544 1089 1586 non
1111 1522 1155 1603 id,
1189 1520 1277 1605 quod

145 1608 311 1689 amittitur,
333 1608 366 1668 in
389 1606 517 1688 damno,
542 1628 616 1670 oum
640 1607 748 1668 omnia
769 1607 902 1670 victoris
925 1607 997 1689 sint,
1031 1608 1089 1672 sed
1114 1607 1276 1692 quidquid

109 1692 338 1777 trelinquitur
368 1713 428 1778 pro
460 1715 594 1756 munere
617 1692 759 1755 habituri
782 1695 868 1756 estis.
902 1692 1017 1757 urbem
1040 1693 1144 1776 vobis,
1178 1715 1276 1779 quam

146 1801 189 1843 ex
210 1801 329 1862 magna
350 1787 445 1862 parte
468 1779 618 1855 dirutam,
643 1787 772 1863 captam
793 1777 862 1842 fere
885 1788 988 1842 totam
1011 1778 1120 1862 habet,
1150 1778 1275 1858 adimit,

144 1886 241 1948 agros
263 1863 425 1947 relinquit,
447 1863 555 1928 locum
572 1864 808 1947 adsignaturus,
832 1866 865 1927 in
909 1886 952 1928 uo
975 1887 1095 1930 novum
1120 1865 1277 1950 oppidum

145 1949 332 2014 aedificetis.
358 1972 471 2012 aurum
488 1959 521 2013 et
536 1959 706 2032 argentum
724 1971 828 2031 omne,
850 1887 1020 2035 pdblicum
1035 1951 1277 2036 privatumque,

109 2037 186 2108 rad
210 2058 245 2099 se
268 2035 360 2099 iubet
383 2034 515 2116 deferri3
540 2056 680 2120 corpora
696 2045 815 2119 vestra,
839 2037 1014 2121 coniugum
1037 2059 1074 2100 ac
1096 2035 1276 2100 liberorum

144 2133 329 2186 vestrorum
352 2131 463 2185 servat
478 2121 641 2203 inviolata,
666 2122 693 2184 si
716 2123 855 2187 inermes
877 2144 953 2186 cum
975 2121 1060 2185 binis
1074 2122 1278 2187 vestimentis

84 2233 126 2286 4s
143 2205 250 2273 velitis
274 2206 315 2270 ab
339 2205 483 2290 Sagunto
513 2208 612 2272 exire.
646 2207 727 2271 haee
748 2208 853 2271 victor
875 2207 976 2271 hostis
999 2208 1152 2293 imperat;
1184 2207 1278 2289 haee,

73 2291 108 2312 “
145 2315 341 2380 quamquam
365 2303 440 2357 sunt
461 2294 574 2376 gravia
605 2302 702 2378 atque
727 2293 855 2375 acerba,
886 2294 1016 2357 fortuna
1046 2304 1158 2358 vestra
1178 2293 1277 2358 vobis

145 2380 271 2444 suadet.
295 2379 448 2465 equidem
481 2379 570 2442 haud
603 2379 754 2463 despero,
787 2402 859 2443 cum
894 2380 1036 2442 omnium
1066 2389 1215 2466 potestas
1247 2379 1277 2443 ei

108 2465 228 2539 9faota
250 2466 299 2540 sit,
332 2465 454 2552 aliquid
486 2487 528 2528 ex
561 2464 609 2529 his
640 2464 739 2529 rebus
771 2468 995 2547 remissurum3
1028 2467 1086 2532 sed
1117 2464 1172 2530 vel
1195 2465 1277 2530 haec

142 2551 297 2639 patienda
318 2573 435 2616 censeo
457 2553 574 2638 potius,
604 2575 702 2638 quam
723 2552 878 2616 trucidari
902 2573 1041 2637 corpora
1062 2561 1181 2628 vestra,
1206 2551 1278 2637 rapi

142 2637 293 2723 trahique
332 2646 405 2701 ante
443 2660 501 2702 ora
530 2647 640 2702 vestra
677 2638 830 2720 coniuges
868 2660 907 2703 ac
940 2635 1061 2703 liberos
1095 2636 1174 2702 belli
1207 2638 1278 2702 iure

143 2723 286 2788 sinatis“.

108 2836 122 2883 1
245 2807 339 2870 XIV.
351 2806 403 2869 Ad
418 2806 501 2871 haec
517 2807 681 2871 audienda
696 2831 770 2873 cum
785 2809 982 2874 circumfusa
995 2807 1153 2896 paulatim
1167 2807 1275 2873 multi·

141 2893 255 2959 tudine
286 2893 484 2980 permixtum
515 2895 640 2958 senatui
671 2903 757 2958 esset
785 2894 898 2981 populi
930 2893 1111 2978 concilium,
1144 2905 1278 2982 repente

141 2979 302 3066 primores
312 2980 494 3044 secessione
503 2980 597 3063 facta,
607 2981 796 3067 priusquam
805 3002 998 3066 responsum
1010 2981 1151 3063 daretur,
1165 3002 1278 3063 argen-

49 3082 53 3090 '
141 3076 211 3131 tum
221 3087 401 3151 aurumque
418 3087 512 3129 omne
529 3088 571 3129 ex
584 3065 716 3152 publico
730 3067 924 3153 privatoque
938 3067 972 3129 in
987 3065 1093 3132 forum
1114 3065 1278 3132 conlatum

143 3152 307 3234 inignem
340 3151 382 3215 ad
404 3151 437 3213 id
465 3153 580 3237 raptim
602 3151 723 3217 factum
754 3154 949 3217 conicientes
980 3153 1097 3218 eodem
1127 3151 1277 3239 plerique

107 3266 123 3314 2
143 3247 247 3302 semet
268 3239 330 3324 ipsi
355 3238 660 3324 praecipitaverunt.
692 3261 767 3303 cum
790 3260 833 3302 ex
856 3261 894 3303 eo
916 3257 1020 3325 pavor
1042 3261 1081 3303 ac
1102 3239 1279 3327 trepidatio

142 3332 244 3388 totam
274 3322 390 3388 urbem
422 3325 628 3409 pervasisset,
661 3322 743 3388 alius
775 3325 907 3411 insuper
939 3324 1094 3389 tumultus
1127 3346 1170 3388 ex
1202 3347 1279 3390 arce

144 3408 283 3473 auditur.
312 3410 408 3472 turris
433 3410 489 3474 diu
511 3421 663 3496 quassata
683 3410 878 3497 prociderat,
910 3433 1036 3497 perque
1057 3412 1186 3476 ruinam
1210 3413 1279 3476 eius

143 3492 261 3560 cohors
285 3494 467 3559 Poenorum
490 3497 612 3583 impetu
634 3496 718 3560 facto
753 3519 827 3561 oum
850 3497 978 3580 signum
1009 3497 1198 3584 imperatori
1223 3497 1277 3560 de·

144 3579 245 3645 disset
266 3580 420 3644 nudatam
456 3582 645 3647 stationibus
669 3583 887 3668 custodiisque
910 3582 1011 3647 solitis
1043 3583 1184 3648 hostium
1206 3604 1279 3648 esse

109 3665 268 3748 turbem,
300 3689 363 3731 non
396 3667 613 3731 cunctandum
646 3668 679 3731 in
705 3667 761 3732 tali
795 3669 965 3733 occasione
988 3679 1077 3734 ratus
1100 3668 1276 3746 Hannibal,

143 3753 218 3816 totis
241 3752 366 3816 viribus
399 3753 572 3833 adgressus
603 3752 719 3817 urbem
752 3764 915 3819 momento
944 3756 1039 3841 cepit,
1073 3755 1165 3839 signo
1190 3755 1277 3834 dato,

127 3845 168 3896 ut
188 3857 306 3901 omnes
335 3837 485 3923 puberes
517 3837 785 3906 interficerentur.
816 3840 905 3928 quod
937 3841 1110 3926 imperium
1133 3840 1278 3923 crudele,
