2738 4146
449 125 557 174 LIBER
574 126 595 175 I.
632 124 707 175 CAP.
727 128 750 175 7.
772 124 803 192 [a.
824 125 857 174 U.
877 141 898 175 c.
920 124 1012 192 1-37]
1073 155 1074 159 =
1304 115 1323 171 7

243 297 317 361 VII.
335 296 441 359 Priori
456 296 557 360 Remo
574 296 744 378 augurium
761 296 891 358 venisse
906 295 1017 377 fertur,
1035 319 1094 360 sex
1109 297 1266 378 vultures,
1289 318 1303 364 1

136 386 270 469 iamque
301 383 447 446 nuntiato
472 383 607 464 augurio
632 403 705 443 cum
729 381 853 465 duplex
884 403 1039 445 numerus
1062 382 1199 446 Romulo
1234 407 1268 446 se

137 470 344 542 ostendisset,
368 478 543 552 utrumque
566 490 678 550 regem
711 489 770 529 sua
792 467 965 531 multitudo
990 468 1267 532 consalutaverat:

137 566 288 641 tempore
311 554 358 617 illi
381 567 567 640 praecept0,
592 567 625 616 at
647 553 680 615 hi
702 574 837 616 numero
870 555 978 617 avium
1000 577 1137 637 regnum
1159 555 1304 622 trahe-2

140 641 230 706 bant.
255 641 331 704 inde
354 662 426 703 cum
451 640 660 703 altercatione
688 640 859 722 congressi
883 641 1059 704 certamine
1082 641 1202 703 irarum
1227 642 1282 704 ad.

138 729 276 792 caedem
298 737 484 807 vertuntur3
509 726 553 789 ibi
576 726 609 789 in
631 725 729 788 turba
752 729 835 788 ictus
858 725 979 788 Remus
1004 726 1132 790 cecidit.
1156 726 1268 810 vulga·

137 816 202 877 tior
237 813 324 875 fama
361 822 411 876 est
446 810 588 875 ludibrio
625 811 732 874 fratris
762 810 901 874 Remum
934 833 1036 876 novos
1068 811 1269 877 transiluisse

136 920 263 980 muros,
286 899 362 962 inde
386 897 429 961 ab
452 899 535 961 irato
559 896 707 977 Romule,
740 918 814 959 cum
837 897 947 960 verbis
978 920 1108 983 quoque
1132 900 1269 981 increpi-

136 994 211 1049 tans
235 985 406 1048 adiecisset
430 986 496 1069 „sic
520 983 647 1065 deinde,
673 984 867 1067 quicumque
890 982 973 1047 alius
996 983 1156 1047 transiliet
1179 1006 1268 1050 moe-

137 1073 193 1136 nia
224 1071 330 1150 mea“,
362 1071 577 1134 interfectum.
610 1070 655 1132 ita
678 1067 766 1132 solus
790 1071 912 1152 potitus
936 1070 1072 1154 imperio
1096 1070 1304 1152 Romulus33

138 1158 269 1222 condita
291 1155 370 1220 urbs
393 1157 568 1220 conditoris
590 1157 722 1219 nomine
745 1154 918 1240 appellata.
1247 1173 1258 1183 “

239 1242 401 1307 Palatium
423 1244 575 1326 primum,
601 1243 641 1303 in
665 1263 729 1326 quo
753 1241 825 1324 ipse
850 1249 919 1304 erat
942 1241 1110 1322 educatus,
1143 1243 1267 1307 muniit.

140 1351 233 1392 sacra
258 1329 319 1392 diis
336 1327 406 1390 aliis
421 1327 552 1392 Albano
576 1328 649 1400 ritu,
674 1327 801 1391 Graeco
825 1325 970 1408 Herculi,
994 1336 1030 1389 ut
1052 1327 1093 1389 ab
1110 1327 1266 1391 Euandro

141 1416 290 1479 instituta
322 1424 423 1495 erant,
457 1414 543 1479 facit.
568 1411 746 1477 Herculem
778 1414 811 1476 in
835 1436 873 1476 ea
895 1411 968 1475 loca
992 1411 1147 1495 Geryone
1169 1415 1302 1483 inter-4

139 1511 251 1586 empto
275 1501 377 1564 boves
402 1501 484 1563 mira
516 1500 626 1584 specie
650 1497 800 1581 abegisse
825 1510 1005 1562 memorant
1028 1521 1065 1562 ac
1089 1521 1191 1583 prope
1213 1500 1266 1562 Ti·

137 1585 243 1651 berim
265 1585 412 1666 fluvium,
446 1609 510 1671 qua
532 1608 613 1671 prae
635 1607 670 1648 se
693 1594 875 1647 armentum
908 1607 1008 1668 agens
1031 1586 1140 1648 nando
1173 1588 1268 1649 traie-

137 1685 237 1751 cerat,
262 1672 334 1736 loco
351 1671 499 1752 herbido,
523 1681 559 1734 ut
574 1673 683 1758 quiete
701 1680 732 1732 et
748 1669 869 1756 pabulo
886 1669 970 1734 laeto
988 1669 1140 1734 reficeret
1155 1670 1267 1753 boves,

138 1768 171 1821 et
193 1760 298 1843 ipsum
322 1758 445 1821 sessum
468 1759 522 1821 via
544 1757 770 1843 procubuisse.
802 1757 847 1819 ibi
872 1779 946 1820 cum
980 1778 1053 1819 eum
1082 1756 1154 1820 cibo
1178 1752 1303 1829 virio-5

137 1866 203 1930 que
225 1854 394 1925 gravatum
426 1866 526 1928 sopor
558 1845 784 1929 oppressisset,
814 1854 926 1927 pastor
957 1840 1070 1906 accola
1094 1844 1161 1906 eius
1194 1842 1266 1918 loci,

136 1931 269 1994 nomine
302 1928 417 2009 Cacus,
449 1929 544 1993 ferox
577 1929 710 2009 viribus,
744 1939 857 2013 captus
889 1927 1132 2013 pulchritudine
1167 1928 1267 1993 boum

138 2037 214 2079 cum
236 2026 385 2080 avertere
409 2037 481 2079 eam
504 2016 661 2100 praedam
684 2012 795 2094 vellet,
828 2017 914 2100 quia,
939 2015 966 2077 si
990 2015 1117 2097 agendo
1141 2037 1265 2078 armen·

138 2113 206 2165 tum
243 2103 276 2164 in
309 2100 497 2186 speluncam
530 2099 738 2187 conpulisset‚
780 2101 852 2186 ipsa
883 2099 1023 2184 vestigia
1056 2111 1266 2186 quaerentem

137 2187 304 2251 dominum
321 2209 359 2251 ec
376 2188 558 2251 deductura
573 2197 673 2266 erant,
697 2208 830 2251 aversos
846 2187 958 2266 boves,
984 2189 1139 2249 eximium
1155 2208 1266 2269 quem-

138 2295 203 2359 que
227 2273 479 2359 pulchritudine,
505 2274 616 2337 caudis
638 2274 671 2335 in
694 2271 884 2356 speluncam
906 2273 1016 2335 traxit.
1041 2271 1201 2336 Hercules
1225 2274 1266 2336 ad
1286 2287 1301 2333 6

58 2392 62 2397 ·
137 2360 276 2444 primam
299 2381 450 2424 auroram
475 2381 588 2423 somno
621 2360 746 2422 excitus
771 2381 844 2422 cum
869 2381 1001 2441 gregem
1035 2357 1266 2441 perlustrasset

138 2443 240 2509 oculis
264 2455 297 2509 et
320 2455 446 2530 partem
470 2446 585 2510 abesse
608 2467 743 2509 numero
768 2445 931 2521 sensisset,
960 2446 1068 2529 pergit
1091 2444 1132 2506 ad
1156 2447 1265 2528 proxi-

136 2554 223 2594 mam
255 2531 453 2616 speluncam,
496 2531 523 2594 si
554 2531 638 2594 forte
680 2552 717 2594 eo
751 2532 890 2612 vestigia
920 2529 1051 2592 ferrent.
1094 2552 1177 2614 quae
1210 2530 1265 2594 ubi

138 2621 245 2681 omnia
267 2618 354 2681 foras
376 2639 473 2682 versa
488 2618 569 2680 vidit
591 2639 653 2681 nec
676 2617 708 2678 in
732 2627 858 2700 partem
875 2615 970 2678 aliam
992 2615 1087 2696 ferre,
1113 2613 1276 2680 confusus

137 2713 236 2788 atque
259 2704 403 2767 incertus
427 2706 525 2766 animi
548 2726 590 2766 ex
612 2703 684 2767 loco
701 2703 817 2767 infesto
840 2723 937 2785 agere
961 2724 1059 2787 porro
1084 2711 1265 2766 armentum

138 2789 274 2874 occepit.
300 2790 471 2852 indacum
494 2800 587 2853 actae
610 2790 714 2853 boves
739 2788 901 2874 quaedam
924 2788 967 2851 ad
991 2788 1199 2868 desiderium,
1230 2800 1300 2852 ut7
1358 2827 1360 2831 ,

136 2872 184 2954 fit,
216 2874 403 2938 relictarum
435 2877 623 2958 mugissent,
656 2876 786 2938 reddita
816 2873 1012 2937 inclusarum
1046 2897 1088 2938 ex
1110 2873 1265 2958 spelunca

136 2959 237 3023 boum
268 2984 335 3025 vox
365 2960 542 3025 Herculem
575 2964 743 3026 convertit.
777 2983 874 3046 quem
907 2983 980 3023 cum
1011 2960 1190 3024 vadentem·
1221 2961 1263 3024 ad

135 3044 324 3130 speluncam
349 3047 453 3111 Cacus
486 3049 519 3110 vi
551 3047 727 3131 prohibere
761 3056 895 3111 conatus
927 3055 1021 3126 esset,
1054 3047 1137 3110 ictus
1172 3045 1265 3109 clava

134 3130 234 3195 fidem
257 3144 425 3217 pastorum
448 3135 648 3219 nequiquam
671 3135 825 3198 invocans
847 3142 951 3195 morte
968 3133 1129 3196 occubuit.
1154 3132 1262 3195 Euan·
1284 3147 1300 3194 8

135 3217 195 3280 der
211 3229 279 3281 tum
297 3241 336 3281 ea
351 3219 509 3303 profugus
526 3242 567 3282 ex
582 3219 807 3303 Peloponneso
824 3219 1016 3281 auctoritate
1040 3220 1142 3302 magis
1167 3241 1264 3303 quam

134 3304 270 3389 imperio
295 3305 432 3388 regebat
455 3305 535 3385 loca,
567 3305 764 3368 venerabilis
798 3307 849 3368 vir
881 3303 1036 3367 miraculo
1069 3304 1260 3382 litterarum,
1329 3368 1333 3377 κ

134 3391 182 3452 rei
204 3411 307 3454 novae
331 3396 415 3454 inter
429 3391 527 3454 rudes
545 3394 662 3453 artium
679 3391 836 3462 homines,
860 3389 1079 3454 venerabilior
1093 3391 1263 3454 divinitate

131 3475 259 3538 credita
288 3474 483 3540 Carmentae
515 3478 635 3559 matris,
667 3500 765 3563 quam
796 3476 987 3559 fatiloquam
1020 3487 1094 3540 ante
1118 3475 1263 3561 Sibyllae

132 3562 165 3624 in
187 3560 317 3625 Italiam
349 3564 526 3626 adventum
560 3565 693 3626 miratae
727 3585 783 3626 eae
817 3573 931 3645 gentes
963 3562 1101 3625 fuerant.
1136 3566 1163 3622 is
1194 3573 1298 3625 tuma

130 3646 289 3710 Euander
321 3671 478 3713 concursu
510 3661 679 3731 pastorum
712 3649 945 3734 trepidantium
979 3650 1065 3712 circa
1100 3649 1262 3712 advenam

132 3733 322 3797 manifestae
344 3757 435 3798 reum
466 3735 574 3798 caedis
599 3737 723 3798 excitus
748 3744 929 3822 postquam
948 3735 1086 3796 lacinus
1103 3734 1282 3792 &amusem-

131 3840 196 3903 que
219 3840 350 3883 causam
384 3822 517 3908 audivit,
552 3821 706 3891 habitum
737 3823 957 3908 lormarnque
987 3821 1060 3881 u'ir'x
1090 3815 1313 3891 adiuuemus
