2738 4146
379 143 487 194 LIBER
503 144 551 194 ΠΙ.
571 143 645 194 OAP.
664 146 705 194 58.
724 145 765 194 54.
785 141 819 210 [a.
837 143 870 195 U.
889 160 912 195 c.
930 143 1000 213 eorl.
1208 132 1270 190 227

88 322 255 399 ageretur,
278 313 508 399 quaerentibus
531 313 656 398 legatis,
679 335 762 399 quae
784 314 949 399 postulata
994 313 1076 378 lebis
1101 324 1221 398 essent,

89 400 276 485 composito
296 400 363 463 iam
384 408 459 463 ante
483 400 659 464 adventum
681 398 863 483 legatorum
886 338 1019 464 consilio
1044 423 1082 464 ea
1108 411 1220 485 postu-

88 485 181 566 lavit,
204 494 243 549 ut
265 495 438 571 appareret
459 486 491 547 in
514 486 676 571 aequitate
706 508 815 549 rerum
846 485 920 571 plus
944 507 1042 571 quam
1065 487 1097 548 in
1121 487 1219 550 armis

89 572 207 656 reponi
230 571 312 655 spei.
333 578 530 655 potestatem
553 571 639 635 enim
660 569 866 635 tribuniciam
885 573 1152 657 provocationem
1179 577 1255 635 uet

88 655 297 743 repetebant,
335 676 419 740 quae
448 665 523 719 ante
556 656 758 721 decemviros
796 666 922 721 creatos
960 657 1082 722 auxilia
1113 594 1220 741 plbbis

90 744 232 825 fuerant,
264 749 297 805 et
317 763 359 805 ne
381 741 435 805 oui
455 740 562 805 fraudi
585 750 671 805 esset
702 742 846 806 concisse
869 741 987 805 milites
1011 752 1066 806 aut
1089 742 1220 828 plebem

90 828 136 891 ad
156 825 370 913 repetendam
385 849 446 910 per
460 829 677 891 secessionem
692 825 886 890 libertatem.
903 827 944 890 de
961 828 1220 893 decemvirorum
1240 838 1256 884 t

92 912 193 978 modo
225 911 385 998 supplicio
416 923 511 975 atrox
541 912 741 996 postulatum
778 912 851 976 fuit:
891 912 967 975 dedi
1004 914 1125 997 quippe
1163 934 1219 977 eos

91 1020 239 1083 aequum
261 997 439 1063 censebant
460 999 617 1082 vivosque
640 999 706 1082 igni
728 1006 990 1062 concrematuros
1005 998 1219 1062 minabantur.

92 1083 192 1168 legati
216 1082 335 1146 adea:
361 1132 375 1164 „
403 1105 464 1147 uae
487 1081 612 1146 consilii
633 1082 774 1162 fuerunt,
797 1083 879 1146 adeo
902 1104 1007 1168 aequa
1023 1083 1220 1170 postulastis,
1240 1093 1256 1141 t

92 1182 130 1233 ut
151 1167 240 1233 ultro
262 1168 356 1232 vobis
380 1105 557 1232 deferenda
577 1167 712 1248 fuerint3
734 1167 879 1232 libertati
903 1170 988 1232 enim
1005 1191 1044 1232 ea
1058 1169 1222 1254 praesidia

92 1255 216 1339 petitis,
247 1274 313 1317 nou
345 1251 495 1318 licentiae
526 1254 567 1316 ad
601 1254 826 1338 inpugnandos
858 1253 948 1320 alios.
992 1255 1060 1318 irae
1091 1265 1253 1319 vestraet

92 1340 198 1424 magis
236 1339 469 1423 ignoscendum
508 1360 605 1424 quam
641 1339 875 1423 indulgendum
915 1348 973 1419 est,
1011 1341 1134 1426 quippe
1165 1341 1221 1425 qui

92 1423 298 1490 crudelitatis
321 1424 396 1489 odio
417 1424 451 1487 in
474 1423 697 1488 crudelitatem
719 1426 811 1489 ruitis
834 1435 867 1490 et
887 1426 977 1510 prius
993 1448 1107 1510 paene,
1123 1447 1221 1511 quam

92 1513 158 1598 ipsi
180 1509 277 1575 liberi
299 1510 379 1593 sitis,
402 1508 560 1574 dominari
591 1511 655 1574 iam
681 1511 714 1572 in
748 1510 952 1574 adversarios
983 1510 1090 1574 vultis.
1128 1523 1256 1575 num-8

94 1617 237 1683 quamne
269 1595 415 1680 quiescet
448 1596 561 1659 civitas
591 1605 702 1658 nostra
728 1617 748 1659 a
770 1596 936 1681 suppliciis
959 1605 1015 1659 aut
1037 1605 1166 1681 patrum
1189 1598 1221 1659 in

94 1681 229 1768 plebem
250 1680 430 1744 Romanam
452 1691 508 1744 aut
529 1680 635 1766 plebis
657 1682 689 1743 in
715 1681 847 1765 patres?
883 1691 974 1745 scuto
1001 1683 1095 1744 vobis
1118 1682 1221 1766 magis
1239 1696 1255 1742 9

92 1788 193 1853 quam
216 1764 326 1850 gladio
350 1788 432 1850 opus
456 1775 515 1830 est.
549 1768 626 1830 satis
649 1788 812 1851 superque
835 1765 964 1830 humilis
987 1776 1046 1848 est,
1073 1767 1129 1851 qui
1151 1768 1221 1830 iure

94 1874 201 1938 aequo
223 1854 258 1915 in
282 1851 410 1914 civitate
433 1851 514 1914 vivit
535 1873 596 1916 nec
617 1851 783 1915 inferendo
806 1853 953 1915 iniuriam
976 1874 1036 1915 nec
1058 1851 1220 1937 patiendo.

94 1940 196 2002 etiam
217 1938 244 2000 si
267 1937 398 2022 quando
420 1938 613 2000 metuendos
635 1959 693 2000 vos
716 1938 893 2023 praebituri
917 1939 1003 2013 estis,
1036 1960 1108 2001 cum
1138 1938 1273 2003 reci-10

94 2024 218 2111 peratis
249 2022 493 2107 magistratibus
526 2021 719 2108 legibusque
750 2025 866 2087 vestris
896 2024 1017 2087 iudicia
1040 2045 1139 2108 penes
1160 2045 1221 2087 vos

93 2118 192 2173 erunt
214 2107 256 2170 de
280 2108 385 2190 capite
407 2117 519 2171 nostro
541 2108 753 2194 fortunisque,
785 2119 861 2172 tunc
887 2119 923 2172 ut
950 2132 1101 2196 quaeque
1122 2130 1222 2173 causa

94 2195 161 2258 erit
182 2194 347 2271 statuetis3
370 2215 455 2256 nunc
476 2192 660 2258 libertatem
682 2195 785 2278 repeti
809 2195 886 2257 satis
909 2198 988 2258 est.“

198 2278 287 2342 LIV.
310 2278 472 2342 Facerent
503 2288 540 2342 ut
568 2279 691 2344 vellent
713 2279 975 2364 permittentibus
998 2280 1120 2343 cunctis
1142 2294 1251 2343 mox]

95 2364 258 2429 redituros
281 2385 317 2427 se
338 2362 436 2447 legati
458 2364 557 2428 rebus
588 2365 739 2448 perfectis
766 2365 945 2427 adfirment.
984 2363 1123 2448 profecti
1146 2381 1255 2427 cuma

94 2449 249 2515 mandata
263 2447 370 2533 plebis
385 2449 532 2533 patribus
549 2451 787 2535 exposuissent,
804 2449 857 2512 alii
873 2450 1058 2526 decemviri,
1075 2449 1220 2534 quando-

93 2536 229 2621 quidem
261 2544 393 2621 praeter
423 2556 515 2619 spem
546 2537 690 2619 ipsorum
724 2534 873 2620 supplicii
904 2535 953 2597 sui
984 2533 1072 2597 nulla
1098 2535 1219 2598 mentio

94 2621 199 2704 fieret,
221 2620 311 2684 haud
345 2621 518 2706 quicquam
547 2620 703 2702 abnuere,
741 2621 877 2706 Appius,
911 2620 995 2683 truci
1026 2620 1155 2704 ingenio
1188 2629 1255 2686 ete

94 2706 219 2771 invidia
242 2707 427 2791 praecipua,
461 2706 572 2770 odium
594 2707 627 2769 in
650 2729 685 2770 se
707 2705 844 2771 aliorum
868 2727 925 2769 suo
948 2706 981 2768 in
1004 2727 1061 2769 eos
1083 2706 1219 2770 metiens

94 2791 171 2857 odio
197 2790 305 2873 „haud
327 2789 460 2875 ignaro“
483 2792 586 2876 inquit
610 2793 774 2872 „imminet
803 2792 943 2854 fortuna.
979 2791 1085 2874 video,
1118 2792 1258 2856 donec4

93 2898 187 2953 arma
211 2876 407 2940 adversariis
429 2877 607 2954 tradantur,
631 2877 754 2940 differri
777 2877 934 2941 adversus
956 2898 1016 2941 nos
1047 2886 1219 2942 certamen.

93 2962 222 3026 dandus
244 2960 386 3027 invidiae
410 2971 459 3026 est
482 2964 623 3045 sanguis.
661 2963 740 3026 nihil
770 2985 811 3026 ne
844 2985 904 3045 ego
939 2963 1071 3047 quidem
1099 2985 1220 3045 moror,

93 3048 266 3135 quominus
290 3047 512 3112 decemviratu
534 3047 680 3111 abeam.“
719 3048 839 3112 factum
871 3060 1000 3111 senatus
1028 3047 1256 3132 consultum,5

94 3143 130 3197 ut
152 3133 330 3197 decemviri
363 3154 399 3196 se
430 3135 535 3217 primo
570 3154 699 3218 quoque
730 3143 876 3218 tempore
908 3135 1097 3215 magistratu
1130 3134 1219 3197 abdi·

93 3228 216 3300 carent,
242 3216 281 3297 Ω.
298 3218 416 3281 Furius
439 3218 589 3300 pontifex
610 3220 770 3282 maximus
793 3219 939 3283 tribunos
959 3218 1064 3304 plebis
1081 3229 1217 3300 crearet,

94 3315 128 3369 et
148 3326 191 3368 ne
215 3304 268 3366 eui
291 3302 396 3366 fraudi
420 3313 506 3367 esset
529 3303 668 3368 secessio
691 3303 828 3367 militum
850 3302 1033 3390 plebisque.

198 3387 260 3451 His
283 3397 414 3451 senatus
438 3388 592 3452 consultis
614 3388 766 3474 perfectis
790 3389 921 3452 dimisso
946 3400 1058 3454 senatu
1090 3387 1217 3453 decem·
1237 3408 1253 3454 6

96 3475 156 3539 viri
179 3473 345 3558 prodeunt
367 3475 400 3535 in
424 3476 608 3538 contionem
635 3473 851 3560 abdicantque
885 3498 920 3539 se
951 3475 1142 3557 magistratu
1172 3475 1219 3536 in-

94 3561 184 3644 genti
205 3558 374 3622 hominum
396 3557 528 3623 laetitia.
551 3562 742 3624 nuntiantur
762 3561 844 3623 haec
865 3558 963 3645 plebi.
986 3557 1111 3639 legatos
1128 3559 1217 3642 quid·
1238 3580 1253 3628 ι

97 3645 172 3730 quid
195 3647 229 3706 in
252 3642 333 3706 urbe
356 3642 522 3708 homiuum
555 3656 723 3730 supererat
752 3646 971 3731 prosequitur.
1010 3642 1084 3705 hnic
1113 3643 1219 3707 multi·

95 3731 197 3794 tudini
219 3727 306 3793 laeta
327 3728 390 3791 alia
420 3730 515 3793 turba
546 3753 589 3794 ex
620 3732 733 3793 castris
767 3729 915 3794 occurrit.
954 3726 1219 3810 congratulantur

96 3814 278 3881 libertatem
317 3815 589 3901 concordiamque
626 3817 749 3880 civitati
784 3815 976 3881 restitutam,
1022 3813 1119 3898 legati
1157 3831 1252 3897 prou

1135 3913 1186 3962 rs*
