2738 4146
99 131 138 183 re
341 140 450 190 ursan
468 141 489 193 1.
510 140 585 190 oar.
605 145 647 190 55.
666 143 707 191 so.
729 139 761 207 [a.
780 141 813 192 u.
832 156 855 192 e.
874 138 1029 206 rao-2551.

149 309 359 395 relinqueret:
382 305 576 394 Tarquinios
599 334 693 394 reges
716 311 840 390 ambos,
865 321 989 394 patrem
1013 312 1154 392 vovisse,
1179 309 1283 375 filium

109 421 122 464 r
150 397 332 481 perfecisse.
357 406 389 460 et
411 407 447 460 ut
468 395 573 460 libera
596 397 749 460 coeteris
773 396 982 479 religionibus
1007 418 1083 461 area
1106 406 1191 466 esset
1213 406 1286 460 tota

150 483 235 547 lovis
258 481 439 568 templique
463 484 541 564 eius,
567 484 653 568 quod
677 481 947 560 inaedificaretur,
976 505 1181 567 exaugurare
1203 483 1282 546 lana
1341 553 1344 558 ,

149 567 334 654 sacellaque
358 570 479 648 statuit,
505 591 588 654 quae
612 567 736 654 aliquot
757 568 812 646 ibi,
837 568 963 631 aTatio
980 591 1059 652 rege
1082 571 1222 654 primum
1246 571 1280 632 in
1310 600 1314 605 ·

149 657 218 737 ipso
243 655 425 718 discrimine
448 655 604 731 adversus
627 653 801 718 Romulum
824 676 953 739 pugnae
976 666 1061 736 vota,
1092 666 1281 718 consecrata

108 763 122 810 3
149 743 404 824 inaugurataque
426 751 541 825 postea
563 740 699 804 fuerant.
723 741 808 804 inter
823 742 980 825 principia
997 741 1160 804 condendi
1183 741 1280 805 buius

149 829 255 910 operis
277 828 419 890 movisse
449 849 568 890 numen
595 826 637 890 ad
660 826 866 889 indicandam
889 828 968 890 tanti
1002 828 1130 911 imperii
1160 826 1280 891 molem

149 913 285 975 traditur
309 912 401 993 deos;
424 935 499 977 nam
523 934 596 976 cum
619 914 761 974 omnium
789 912 984 976 sacellorum
1007 912 1280 996 exaugurationes

107 1027 120 1070 4
148 999 354 1061 admitterent
376 1020 464 1079 ares,
488 999 521 1061 in
536 999 678 1062 Termini
693 997 768 1087 fano
784 1019 848 1061 non
864 998 1038 1079 addixere;
1061 999 1160 1083 idque
1183 1020 1280 1061 omen

148 1085 382 1170 auguriumque
416 1086 460 1148 ita
491 1094 660 1168 acceptum
684 1091 742 1164 est,
770 1105 834 1147 non
857 1094 978 1147 motam
1000 1084 1143 1148 Termini
1166 1084 1280 1148 sedem

147 1193 312 1255 unumque
336 1191 409 1233 cum
434 1170 570 1234 deorum
597 1192 661 1232 non
696 1180 867 1234 evocatum
898 1170 1031 1234 sacratis
1066 1170 1128 1234 sibi
1159 1170 1280 1234 linibus

107 1282 122 1328 5
146 1256 240 1318 firma
256 1254 449 1342 stabiliaque
463 1265 580 1319 cuncta
597 1255 800 1340 portendere.
817 1255 881 1319 hoc
896 1257 1122 1341 perpetuitatis
1132 1258 1280 1341 auspicio

148 1351 280 1423 accepto
295 1352 441 1405 secutum
453 1341 540 1404 aliud
557 1342 813 1424 magnitudinem
824 1344 950 1426 imperii
961 1342 1160 1427 portendens
1170 1343 1279 1427 prodi-

146 1429 234 1512 glum
245 1427 830 1512 est:caputhumanumintegrafaeie
841 1427 1280 1512 aperientibusfundamenta
1344 1507 1347 1511 Ι

106 1541 121 1588 5
147 1512 260 1598 templi
276 1513 393 1577 dicitur
408 1515 608 1599 apparuisse.
626 1535 710 1598 quae
726 1514 932 1599 visaspecies
948 1514 1037 1577 haud
1052 1536 1112 1598 per
1122 1514 1278 1598 ambages

67 1660 69 1664 .
145 1621 254 1662 arcem
278 1622 348 1663 eam
371 1601 498 1684 imperii
521 1609 684 1686 caputque
706 1622 816 1663 rerum
837 1600 907 1664 fore
926 1600 1151 1685 portendebat,
1174 1599 1277 1686 idque

145 1687 191 1748 ita
213 1687 361 1748 cecinere
383 1696 484 1767 vates,
518 1688 638 1772 quique
668 1687 701 1747 in
724 1684 806 1750 urbe
829 1696 921 1750 erant
952 1706 1099 1770 quosque
1130 1685 1172 1750 ad
1204 1709 1277 1751 eam

106 1798 120 1846 ᾳ
147 1792 217 1835 rem
230 1769 473 1834 consultandam
485 1794 526 1834 ex
535 1772 666 1834 Etruria
678 1773 872 1835 acciverant.
884 1771 1064 1855 augebatur
1074 1771 1114 1834 ad
1125 1773 1278 1855 inpensas

145 1858 231 1940 regis
254 1859 388 1921 animus.
412 1860 521 1940 itaque
544 1857 735 1942 Pomptinae
758 1857 939 1939 manubiae,
965 1879 1048 1943 quae
1064 1858 1278 1942 perducendo

145 1942 187 2005 ad
211 1943 337 2006 culmen
361 1945 451 2028 operi
474 1943 653 2006 destinatae
677 1953 777 2024 erant,
800 1943 857 2006 vix
878 1945 910 2005 in
935 1944 1145 2008 fundamenta
1161 1966 1278 2028 suppe-

104 2043 119 2092 8
146 2029 301 2092 ditavere.
327 2050 364 2092 eo
388 2029 490 2112 magis
513 2028 628 2108 Fabio,
660 2039 889 2113 praeterquam
913 2031 1001 2115 quod
1025 2032 1188 2114 antiquior
1216 2040 1276 2110 est,
1356 2057 1362 2067 ·

146 2114 338 2177 crediderim
362 2116 577 2198 quadraginta
600 2135 638 2176 ea
661 2114 729 2177 sola
751 2114 873 2178 talenta
894 2115 1004 2192 fuisse,
1029 2139 1127 2202 quam
1149 2115 1274 2194 Pisoni,

104 2216 118 2263 a
145 2202 200 2284 qui
224 2201 436 2284 quadraginta
467 2201 553 2264 milia
586 2201 694 2284 pondo
726 2201 851 2281 argenti
882 2203 1024 2286 seposita
1056 2202 1088 2264 in
1112 2223 1183 2266 eam
1205 2224 1276 2266 rem

59 2274 70 2371 l
147 2285 267 2365 scribit,
292 2308 449 2349 summam
472 2287 627 2368 pecuniae
649 2308 756 2370 neque
780 2309 821 2350 ex
836 2288 929 2350 unius
953 2296 1022 2350 tum
1038 2287 1127 2351 urbis
1150 2287 1275 2372 praeda

68 2378 71 2413 ³
145 2371 349 2456 sperandam,
390 2383 422 2435 et
457 2370 619 2436 nullorum
654 2394 695 2437 ne
726 2371 822 2436 huius
855 2373 985 2457 quidem
1016 2372 1275 2456 magnificentiae

70 2494 72 2499 .
145 2479 278 2542 operum
301 2457 511 2522 fundamenta
533 2480 597 2521 non
621 2468 898 2542 exsuperaturam.

64 2562 112 2613 et
246 2543 332 2608 LVI.
365 2543 510 2608 Intentus
541 2543 740 2630 perficiendo
773 2545 895 2629 templo
926 2543 1026 2608 fabris
1058 2544 1202 2629 undique
1234 2566 1275 2608 ex

143 2628 274 2693 Etruria
297 2631 406 2694 accitis
429 2653 492 2694 non
515 2632 654 2714 pecunia
676 2630 779 2695 solum
809 2631 850 2694 ad
885 2631 918 2693 id
952 2629 1083 2715 publica
1106 2640 1155 2693 est
1186 2652 1273 2711 usus,

143 2715 201 2778 sed
225 2718 331 2799 operis
354 2718 451 2780 etiam
474 2737 516 2780 ex
538 2715 643 2800 plebe.
677 2717 732 2802 qui
764 2738 836 2780 cum
869 2716 956 2779 haud
987 2738 1109 2800 parvus
1142 2725 1174 2780 et
1204 2716 1275 2800 ipse

99 2819 114 2867 a
142 2800 274 2864 militiae
298 2802 474 2866 adderetur
496 2800 601 2882 labor,
624 2803 730 2865 minus
752 2811 861 2866 tamen
888 2801 983 2889 plebs
1011 2800 1210 2885 gravabatur
1238 2822 1274 2864 se

141 2884 265 2972 templa
297 2887 394 2951 deum
426 2886 643 2951 exaedificare
674 2888 823 2951 manibus
855 2889 931 2965 suis,
964 2909 1062 2973 quam
1098 2897 1273 2973 postquam

143 2982 175 3036 et
209 2973 250 3035 ad
281 2972 344 3036 alia
374 2983 410 3037 ut
441 2973 549 3056 specie
581 2975 705 3036 minora
736 2975 782 3037 sic
813 2972 932 3037 laboris
956 2975 1120 3059 aliquanto
1142 2974 1274 3038 maioris

141 3058 396 3122 traducebantur
428 3079 537 3143 opera,
569 3059 657 3122 foros
680 3060 712 3121 in
747 3061 831 3122 circo
865 3059 1031 3123 faciendos
1063 3058 1274 3142 cloacamque

141 3145 326 3223 maximam,
349 3143 595 3228 receptaculum
619 3146 760 3208 omnium
776 3155 1065 3230 purgamentorum
1087 3144 1187 3227 urbis,
1211 3144 1273 3208 sub

141 3239 228 3294 terra
258 3229 433 3312 agendam3
472 3229 589 3315 quibus
628 3229 755 3294 duobus
792 3232 945 3316 operibus
981 3233 1037 3294 vix
1070 3254 1155 3296 nova
1193 3230 1274 3295 haec

102 3335 116 3382 8
142 3314 380 3399 magnificentia
390 3317 562 3400 quicquam
573 3316 759 3402 adaequare
770 3319 882 3402 potuit.
895 3316 945 3381 his
955 3316 1122 3386 laboribus
1132 3317 1275 3382 exercita

145 3400 249 3485 plebe,
275 3402 350 3486 quia
374 3411 406 3464 et
428 3401 502 3464 urbi
524 3400 772 3481 multitudinem,
796 3403 852 3466 ubi
874 3426 952 3467 usus
974 3425 1038 3467 non
1062 3411 1157 3485 esset,
1182 3403 1274 3468 oneri

143 3486 275 3550 rebatur
308 3509 389 3568 esse,
424 3497 456 3551 et
489 3486 610 3551 colonis
642 3489 806 3552 mittendis
840 3491 992 3574 occupari
1022 3489 1117 3553 latius
1145 3490 1275 3574 imperii

144 3571 223 3636 lines
251 3570 392 3651 volebat,
423 3572 566 3656 Signiam
591 3572 800 3661 Circeiosque
828 3573 958 3639 colonos
985 3577 1082 3657 misit,
1109 3575 1274 3660 praesidia

144 3658 216 3723 urbi
238 3658 347 3723 futura
369 3669 456 3723 terra
477 3661 634 3743 marique.

101 3765 114 3813 t
245 3744 339 3809 Haec
376 3745 484 3829 agenti
521 3755 708 3831 portentum
744 3745 890 3810 terribile
925 3747 1044 3810 visum:
1080 3747 1193 3830 anguis
1231 3767 1274 3810 ex

137 3828 288 3892 columna
318 3829 428 3914 lignea
461 3829 591 3918 elapsus
623 3855 696 3906 curn
727 3842 885 3897 terrorem
916 3832 1090 3919 fugamque
1120 3834 1153 3896 in
1184 3833 1275 3916 regia
