2738 4146
104 124 142 180 14
344 138 453 188 niune
472 140 490 188 i.
528 138 603 189 cnr.
625 141 663 189 14.
684 142 722 189 15.
744 135 1046 206 rc.[a.u.0.1-3r]

152 310 298 395 equitatu
321 310 422 395 pedes
439 334 568 396 quoque
584 311 721 376 referret
736 312 883 394 gradum,
906 310 1011 397 plenis
1025 316 1160 392 repente
1177 307 1280 393 portis

153 397 245 460 effusi
269 397 377 460 hostes
400 395 529 481 inpulsa
552 398 698 460 Romana
720 400 789 462 acie
816 397 922 461 studio
945 396 1087 460 instandi
1108 417 1143 458 se
1168 392 1279 457 uendi-

37 546 38 550 ,
114 498 131 545 9
153 504 215 568 que
231 482 404 545 trabuntur
420 483 460 545 ad
474 481 580 547 locum
598 484 797 547 insidiarum.
814 484 889 547 inde
905 482 1012 546 subito
1029 482 1133 544 exorti
1142 417 1280 543 domani

150 583 366 633 transversam
390 569 548 632 invadunt
570 569 708 633 hostium
727 570 843 651 aciem,
866 569 990 632 addunt
1012 588 1169 653 pavorem
1191 574 1280 628 mota

151 656 307 718 ecastris
331 656 423 739 signa
446 676 568 733 eorum,
593 657 648 741 qui
679 658 712 718 in
744 656 906 739 praesidio
932 655 1036 718 relicti
1058 653 1200 733 fuerant3
1234 651 1280 714 ita

151 739 323 824 multiplici
353 752 479 805 terrore
514 740 657 826 perculsi
690 742 868 805 Fidenates
904 741 995 824 prius
1031 761 1146 823 paene,
1182 759 1278 822 quam

151 825 308 889 Romulus
332 828 452 912 quique
476 849 550 891 cum
574 849 612 892 eo
637 829 764 914 equites
789 837 881 891 erant
904 828 1163 909 circumagerent
1177 824 1277 887 frenis

97 929 130 976 10
150 935 261 997 equos,
284 922 377 996 terga
398 922 543 994 vertunt3
578 913 746 1000 multoque
769 913 909 987 effusius,
944 913 1067 999 quippe
1089 933 1169 975 vera
1190 909 1277 991 fuga,

149 1000 204 1083 qui
227 998 413 1061 simulantes
436 999 531 1081 paulo
556 1008 629 1062 aute
653 1001 755 1063 secuti
778 1010 880 1081 erant,
904 999 1059 1083 oppidum
1075 995 1278 1082 repetebant.

96 1102 127 1148 11
148 1107 211 1147 non
233 1093 342 1148 tamen
377 1086 526 1169 eripuere
559 1107 594 1148 se
627 1086 728 1167 hosti3
760 1084 899 1149 haerens
922 1087 954 1147 in
985 1094 1078 1168 tergo
1101 1083 1278 1151 Romanus,

148 1171 337 1255 priusquam
360 1171 447 1234 fores
479 1183 646 1256 portarum
681 1171 897 1248 obicerentur,
931 1169 1021 1234 velut
1051 1171 1180 1253 agmine
1213 1190 1278 1231 uno

149 1257 313 1339 inrumpit.

111 1361 124 1408 1
249 1341 323 1404 XV.
348 1340 431 1405 Belli
446 1342 613 1406 Fidenatis
637 1344 827 1425 contagione
842 1342 1164 1405 inritati-Veientium
1181 1339 1279 1402 animi

147 1437 180 1491 et
192 1429 522 1510 consanguinitate-
532 1451 605 1490 nam
616 1427 791 1492 Fidenates
808 1450 938 1513 quoquc
948 1426 1079 1491 Etrusci
1095 1427 1280 1490 fuerunt-

147 1523 179 1576 et
202 1515 288 1598 quod
312 1515 384 1597 ipsa
415 1515 640 1599 propinquitas
671 1514 742 1591 loci,
776 1516 802 1578 si
824 1514 971 1577 Romana
1003 1535 1093 1575 arma
1126 1511 1277 1575 omnibus

145 1599 261 1662 infesta
282 1599 424 1676 finitimis
448 1611 566 1678 essent,
590 1599 785 1679 stimulabat,
816 1601 848 1662 in
875 1598 957 1663 fines
979 1598 1141 1680 Romanos
1174 1619 1275 1661 excu-

108 1705 125 1752 2
147 1695 316 1749 currerunt
337 1684 562 1770 populabundi
584 1687 687 1768 magis
711 1708 807 1771 quam
830 1686 906 1748 iusti
929 1707 1019 1748 more
1042 1683 1129 1748 belli.
1162 1685 1274 1780 itaque

33 1789 47 1844 t
73 1778 99 1815 ἡ
145 1793 210 1835 non
233 1773 346 1835 castris
370 1773 493 1856 positis,
515 1771 581 1835 non
605 1781 777 1856 expectato
801 1771 941 1834 hostium
970 1773 1120 1834 *exercitu
1146 1786 1275 1855 raptam

98 1883 99 1887 ¹
147 1880 189 1921 ex
210 1859 296 1940 agris
319 1857 476 1943 praedam
500 1868 665 1942 portantes
681 1857 781 1921 Veios
803 1858 940 1920 rediere.
964 1857 1128 1920 Romanus
1152 1866 1275 1932 contra,

146 1952 319 2028 postquam
341 1943 470 2006 hostem
493 1944 526 2005 in
548 1945 634 2025 agris
656 1965 722 2006 non
748 1945 880 2024 invenit,
914 1943 1112 2006 dimicationi
1141 1941 1276 2006 ultimae
1320 1959 1322 1963 ’

108 2035 124 2082 3
145 2031 323 2092 instructus
338 2031 547 2114 intentusque
562 2029 704 2093 Tiberim
721 2031 846 2092 transit.
864 2051 960 2114 quem
976 2040 1152 2114 postquam
1169 2038 1276 2091 castra

145 2137 267 2200 ponere
291 2124 324 2178 et
345 2115 388 2178 ad
410 2115 526 2178 urbem
549 2137 751 2179 accessurum
775 2116 931 2179 Veientes
955 2115 1119 2194 audivere,
1144 2113 1275 2178 obviam

146 2202 278 2282 egressi,
312 2210 348 2264 ut
370 2202 477 2285 potius
501 2203 569 2264 acie
593 2201 818 2281 decernerent,
852 2224 948 2286 quam
971 2199 1086 2264 inclusi
1109 2200 1151 2262 de
1180 2201 1274 2264 tectis

108 2296 125 2342 4
145 2286 380 2371 moenibusque
397 2287 598 2349 dimicarent.
622 2287 667 2350 ibi
684 2287 807 2350 viribus
823 2286 912 2350 nulla
927 2297 997 2350 arte
1013 2287 1130 2349 adiutis
1146 2294 1272 2348 tantum

146 2368 293 2436 veter'ani
315 2373 433 2447 robore
458 2374 620 2436 exercitus
643 2395 704 2436 rex
725 2372 889 2435 Romanus
912 2374 991 2436 vicit
1013 2385 1273 2457 persecutusque

144 2459 232 2522 fusos
255 2460 297 2522 ad
320 2460 450 2522 moenia
465 2459 576 2523 hostes
593 2458 673 2522 urbe
689 2459 798 2523 valida
814 2459 913 2521 muris
928 2481 966 2521 ac
983 2460 1046 2523 situ
1060 2460 1131 2542 ipso
1148 2457 1274 2520 munita

147 2545 313 2626 abstinuit3
330 2568 424 2628 agros
437 2545 567 2608 rediens
582 2555 689 2608 vastat
704 2539 879 2608 ulciscendi
896 2547 997 2627 magis
1016 2567 1112 2631 quam
1129 2543 1273 2630 praedae

109 2632 264 2694 astutio.
299 2653 402 2716 eaque
425 2631 519 2694 clade
543 2632 627 2694 haud
651 2633 756 2694 minus
780 2653 875 2716 quam
900 2632 1040 2694 adversa
1066 2652 1176 2714 pugna
1199 2629 1274 2693 sub·

146 2717 209 2779 acti
231 2715 385 2780 Veientes
408 2740 523 2801 pacem
546 2718 682 2800 petitum
706 2728 851 2780 oratores
875 2717 1010 2779 Romam
1033 2719 1174 2780 mittunt.
1204 2716 1273 2798 agri

145 2813 237 2887 parte
260 2801 402 2866 multatis
424 2804 456 2865 in
480 2813 608 2865 centum
633 2824 733 2865 annos
756 2803 899 2866 indutiae
923 2804 1027 2866 datae.

90 2891 134 2966 Q
247 2887 341 2950 Haec
362 2887 464 2951 ferme
487 2888 626 2952 Romulo
650 2900 806 2971 regnante
830 2889 917 2952 domi
939 2887 1137 2972 militiaeque
1160 2898 1262 2970 gesta,

110 2984 283 3059 equorum
315 2972 395 3035 nihil
418 2963 575 3038 absdnum
609 2974 686 3037 fidei
710 2975 840 3038 divinae
873 2976 1003 3057 originis
1028 2974 1270 3057 divinitatisque

145 3069 220 3143 post
242 3070 379 3122 mortem
403 3060 545 3124 creditae
568 3060 637 3142 fuit,
662 3084 725 3123 non
748 3061 874 3124 animus
897 3063 929 3124 in
945 3082 1046 3144 regno
1070 3061 1156 3123 avito
1186 3059 1268 3122 reci-

113 3146 300 3227 7perando‚
323 3167 387 3209 non
414 3146 602 3209 condendae
627 3147 716 3210 urbis
740 3146 919 3228 consilium,
943 3169 1006 3210 non
1023 3144 1109 3209 bello
1135 3167 1270 3229 acpace

145 3231 332 3294 firmandae.
357 3231 398 3294 ab
420 3230 476 3294 illo
499 3233 583 3294 enirn
600 3233 746 3315 profecto
762 3233 886 3297 viribus
910 3233 993 3296 datis
1017 3241 1140 3294 tautum
1155 3231 1270 3311 valuit,

108 3331 124 3379 8
147 3325 181 3379 ut
203 3318 236 3380 in
259 3317 475 3400 quadraginta
492 3317 610 3380 deinde
628 3341 727 3382 anuos
743 3330 844 3383 tutam
861 3341 977 3402 pacem
993 3317 1139 3382 haberet.
1164 3316 1269 3380 multi·

144 3403 250 3465 tudini
272 3415 381 3465 tamen
408 3405 530 3485 gratior
560 3405 621 3467 luit
643 3427 740 3488 quam
763 3405 920 3489 patribus,
953 3405 1048 3486 longe
1082 3413 1155 3468 ante
1189 3402 1271 3465 alios

145 3490 388 3572 acceptissimus
404 3489 540 3551 militurn
557 3491 685 3572 animis3
702 3501 929 3575 trecentosque
946 3500 1086 3554 armatos
1104 3490 1145 3552 ad
1165 3501 1271 3552 custo·

145 3574 230 3636 diam
255 3575 411 3658 corporis,
437 3598 518 3660 quos
535 3575 665 3640 Celeres
688 3576 876 3661 appellavit,
899 3600 963 3640 non
987 3578 1018 3639 in
1042 3576 1128 3640 bello
1153 3574 1269 3656 solum,

144 3661 202 3724 sed
226 3662 320 3724 etiam
344 3661 376 3723 in
400 3684 480 3744 pace
502 3662 625 3725 habuit.

21 3785 43 3837 s.
110 3762 123 3810 1
245 3745 340 3810 XVI.
364 3746 425 3810 His
447 3748 683 3812 immortalibus
716 3747 811 3810 editis
836 3747 990 3833 operibus
1014 3747 1150 3810 eumad
1175 3767 1269 3810 exer-

14 3842 82 3919 q'*
146 3831 243 3896 citum
268 3834 503 3896 recensendum
520 3836 702 3898 contionem
724 3834 757 3896 in
774 3855 889 3920 campo
913 3834 954 3897 ad
972 3832 1099 3919 Caprae
1115 3831 1268 3919 paludem
