2738 4146
334 168 442 217 mnan
462 169 497 219 11.
517 168 591 218 car.
611 173 652 219 aa.
672 172 713 220 aa.
732 172 773 219 at.
794 168 827 236 [a.
846 169 879 220 U.
897 185 919 219 e.
939 167 1012 238 2an.
1184 177 1186 180 ·
1220 155 1262 212 83

90 339 202 403 Volsci
225 338 366 422 benigne
391 362 552 426 excepere
574 341 811 428 benigniusque
833 342 866 404 in
890 342 959 405 dies
977 339 1218 428 colebantque

82 427 194 489 ‘maior
227 429 275 488 ira
305 427 338 488 in
371 449 445 489 suos
478 428 641 491 eminebat
683 429 883 512 crebraeque
918 450 1004 491 nunc
1044 427 1240 512 querellae,

89 534 175 576 nunc
206 513 313 575 minae
353 512 625 598 percipiebantur.
667 511 992 598 hospitioutebatnr
1021 513 1092 577 Atti
1123 512 1257 579 Tulli.t

90 599 188 684 longe
220 601 246 662 is
283 608 350 661 tum
389 602 540 683 princeps
572 599 683 663 Volsci
719 601 857 665 nominis
896 609 966 664 erat
1001 600 1220 686 Romanisque

91 707 225 770 semper
247 684 393 748 infestus.
417 686 462 749 ita
485 708 558 748 cum
582 687 719 750 alterum
741 696 836 750 vetus
860 687 979 767 odium,
1005 686 1140 750 alterum
1172 690 1220 749 ira

91 794 207 836 reeens
231 770 422 854 stimularet,
446 771 579 834 consilia
603 774 771 836 conferunt
794 773 836 836 de
851 773 996 844 Romano
1012 771 1110 836 bello.
1131 772 1219 835 haud
1238 791 1258 838 8-

90 857 186 922 facile
211 857 388 921 credebant
410 856 540 942 plebem
564 881 654 921 suam
676 858 787 944 inpelli
819 881 926 943 posse,
961 868 997 921 ut
1025 861 1144 923 totiens
1175 860 1220 922 in·

90 944 232 1008 felleiter
255 953 412 1028 temptata·
435 965 524 1006 arma
548 957 715 1028 caperent:
740 942 849 1009 multis
872 967 971 1030 saepe
993 944 1097 1021 bellis,
1120 946 1219 1031 pesti-

91 1030 192 1094 lentia
214 1039 380 1113 postremo
405 1031 522 1092 amissa
543 1031 711 1095 iuventute
732 1030 853 1096 fractos
877 1033 1010 1117 spiritus
1033 1052 1122 1112 esse3
1150 1041 1220 1095 arte

92 1117 254 1201 agendum
278 1116 311 1177 in
335 1114 464 1191 exoleto
488 1117 552 1178 iam
575 1126 737 1181 vetustate
772 1117 857 1200 odio,
889 1126 926 1181 ut
956 1117 1080 1182 recenti
1111 1117 1221 1203 aliqua

90 1205 142 1266 ira
165 1201 439 1266 exacerbarentur
460 1202 567 1264 animi.

196 1287 356 1350 XXXVI.
389 1287 476 1350 Ludi
506 1289 590 1352 forte
621 1311 663 1352 ex
693 1289 925 1352 instauratione
959 1290 1067 1373 magni
1098 1289 1251 1354 Romae]

93 1373 305 1460 parabantur.
321 1375 520 1437 instaurandi
535 1374 618 1438 haec
633 1397 731 1438 causa
745 1375 864 1440 fuerat:
879 1374 968 1439 ludis
980 1398 1075 1439 mane
1090 1397 1220 1440 servum
1248 1374 1251 1380 ’

90 1462 228 1546 quidam
260 1470 354 1543 pater
384 1458 525 1524 familiae
555 1461 698 1525 nondum
732 1463 902 1526 commisso
935 1460 1120 1544 spectaculo
1158 1460 1218 1525 sub

90 1550 187 1610 furca
210 1569 339 1609 caesum
363 1546 470 1610 medio
495 1557 607 1631 egerat
637 1547 738 1628 circo;
770 1548 880 1633 coepti
911 1548 985 1610 inde
1017 1545 1095 1623 ludi,
1130 1546 1221 1612 velut

90 1655 133 1697 ea
156 1655 210 1696 res
232 1632 312 1695 nihil
336 1632 376 1695 ad
399 1631 588 1714 religionem
612 1634 831 1720 pertinuisset.
855 1633 943 1696 haud
965 1635 1010 1696 ita
1031 1634 1130 1697 multo
1146 1640 1254 1719 posta

91 1720 131 1783 Τ.
145 1718 284 1799 Latinio,
298 1719 338 1782 de
349 1718 444 1804 plebe
458 1719 589 1799 homini,
600 1721 760 1784 somnium
769 1719 842 1783 fuit:
859 1719 1219 1804 visusIuppiterdIcere

90 1804 156 1869 sibi
173 1804 257 1867 ludis
273 1803 543 1887 praesultatorem
559 1805 778 1889 displicuisse3
800 1807 861 1870 nisi
877 1806 1047 1890 magnifice
1062 1807 1219 1869 instaura-

92 1900 209 1955 rentur
230 1891 252 1953 ii
274 1890 353 1974 ludi,
377 1890 558 1975 periculum
579 1891 653 1956 urbi
676 1891 762 1974 fore3
784 1893 846 1956 iret
869 1914 907 1956 ao
929 1891 1116 1956 consulibus
1139 1914 1218 1955 nun·

82 1979 198 2044 tieret.
233 1998 430 2062 quamquam
462 1976 546 2040 haud
580 2000 657 2042 sane
688 1976 772 2041 liber
803 1987 874 2042 erat
905 1977 1061 2060 religione
1084 1979 1256 2060 animust

91 2063 291 2127 verecundia
324 2072 431 2126 tamen
463 2065 640 2126 maiestatis
662 2065 909 2148 magistratuum
939 2065 1099 2150 timorque
1131 2064 1219 2147 vicit,

91 2171 134 2213 ne
157 2150 190 2212 in
215 2171 271 2212 ora
286 2148 453 2213 hominum
475 2171 535 2235 pro
550 2148 691 2214 ludibrio
715 2150 830 2213 abiret.
854 2172 971 2234 magno
994 2149 1040 2212 illi
1063 2172 1102 2214 ea
1124 2157 1254 2214 eune-4

90 2237 172 2299 tatio
197 2237 297 2299 stetit:
330 2233 431 2298 filium
454 2256 595 2321 namque
620 2237 705 2299 intra
726 2258 848 2322 paucos
880 2237 949 2299 dies
981 2237 1095 2300 amisit.
1128 2237 1219 2300 cuius

92 2322 284 2406 repentinae
307 2320 408 2384 cladis
430 2343 472 2384 ne
496 2344 594 2386 causa
617 2321 715 2385 dubia
739 2332 834 2404 esset,
863 2343 960 2405 aegro
984 2323 1081 2385 animi
1104 2322 1219 2387 eadem

90 2406 148 2470 illa
179 2408 213 2469 in
246 2408 365 2490 somnis
398 2406 572 2472 obversata
608 2409 833 2492 species-visa
870 2418 918 2472 est
947 2408 1099 2492 rogitare,
1137 2409 1220 2470 satin

93 2515 248 2577 magnam
263 2494 366 2576 spreti
380 2495 518 2557 numinis
534 2493 672 2558 haberet
683 2493 895 2558 mercedem?
918 2494 1075 2558 maiorem
1089 2495 1219 2577 instare,

91 2581 126 2643 ni
150 2590 202 2643 eat
226 2601 366 2664 propere
399 2601 436 2643 ao
468 2581 592 2644 nuntiet
619 2578 814 2644 oonsulibus.
846 2580 910 2644 iam
933 2581 1135 2664 praesentior
1165 2589 1253 2644 rest
1334 2645 1336 2648 .

92 2675 174 2729 erat.
207 2674 412 2729 cunctantem
435 2675 542 2729 tamen
576 2688 614 2730 ac
635 2664 851 2750 prolatantem
885 2666 999 2750 ingens
1029 2665 1080 2730 vis
1112 2665 1218 2730 morbi

91 2751 209 2815 adorta
232 2760 280 2815 est
304 2750 471 2816 debilitate
494 2751 610 2815 subita.
642 2763 719 2816 tuno
746 2752 910 2815 enimvero
935 2752 1070 2816 deorum
1092 2752 1141 2814 ira
1163 2752 1219 2815 ad·
1239 2763 1254 2811 6

90 2839 226 2902 monuit.
249 2836 353 2900 fessus
369 2839 468 2920 igitur
490 2837 583 2902 malis
599 2838 782 2923 praeteritis
803 2837 1063 2923 instantibusque
1086 2838 1218 2902 consilio

91 2924 350 3008 propinquorum
366 2924 510 2987 adhibito
527 2947 600 2988 cum
622 2925 693 2987 visa
709 2934 807 3009 atque
831 2925 941 2987 audita
963 2934 995 2988 et
1011 2923 1218 2989 obversatum

90 3011 210 3074 totiens
232 3010 265 3072 in
279 3030 401 3073 somno
424 3010 547 3093 Iovem,
570 3012 672 3073 minas
694 3011 824 3095 irasque
851 3009 1009 3074 caelestes
1031 3033 1219 3093 repraesen-

90 3104 176 3159 tatas
199 3093 327 3159 casibus
359 3097 425 3160 suis
453 3098 669 3181 exposuisset,
701 3117 862 3160 consensu
892 3097 967 3160 inde
1000 3096 1087 3160 haud
1120 3095 1218 3161 dubio

91 3183 245 3264 omnium,
271 3182 326 3267 qui
348 3182 495 3265 aderant,
518 3183 552 3245 in
566 3182 672 3246 forum
696 3182 737 3245 ad
762 3181 910 3245 consules
926 3181 1041 3246 lectica
1064 3182 1217 3245 defertur.

89 3268 167 3331 inde
205 3269 239 3330 in
272 3268 395 3332 curiam
431 3270 522 3332 iussu
555 3267 724 3332 consulum
756 3266 881 3332 delatus
914 3268 1028 3332 eadem
1058 3265 1113 3330 illa
1144 3281 1252 3331 cum'l

89 3350 237 3439 patribus
258 3355 381 3436 ingenti
405 3355 547 3418 omnium
569 3355 782 3419 admiratione
805 3363 996 3437 enarrasset,
1029 3375 1105 3417 ecce
1128 3352 1215 3417 aliud

89 3438 294 3505 miraculum:
328 3442 382 3526 qui
405 3451 519 3526 captus
543 3440 692 3504 omnibus
714 3440 868 3504 membris
892 3439 1018 3503 delatus
1040 3440 1072 3501 in
1096 3441 1217 3503 curiam
1239 3453 1256 3502 8

90 3536 187 3609 esset,
210 3548 283 3590 eum
307 3525 453 3590 functum
476 3525 581 3591 officio
597 3525 739 3612 pedibus
762 3527 827 3590 suis
853 3526 986 3590 domum
1008 3526 1133 3590 redisse
1155 3536 1218 3589 tra-

88 3612 194 3677 ditum
215 3613 391 3676 memoriae
414 3621 473 3676 est.

191 3696 369 3764 XXXVII.
392 3698 480 3763 Ludi
495 3719 594 3783 quam
610 3696 800 3782 amplissimi
815 3708 851 3760 ut
866 3695 994 3774 fierent,
1010 3705 1149 3758 senatus
1166 3695 1228 3753 de·
1244 3711 1269 3750 a

88 3783 203 3851 erevit.
244 3783 289 3863 ad
312 3806 367 3851 eos
394 3782 490 3848 ludos
516 3794 650 3850 auctore
673 3783 765 3850 Attio
785 3783 899 3849 Tullio
921 3785 978 3848 ris
1008 3797 1140 3853 magna
1158 3772 1253 3832 W·
1270 3784 1298 3824 ‘²

87 3888 220 3937 aearum
245 3871 342 3936 venit.
368 3871 561 3960 priusquam
590 3874 890 3939 committerentur
916 3868 1013 3946 lubi,
1035 3856 1284 3992 'Immunes
