2738 4146
89 103 150 162 aaa
369 119 478 170 amun
490 120 538 174 ιιι
558 119 634 171 car.
652 122 694 172 aa
712 125 754 171 m.
774 117 807 186 [a.
826 118 860 170 u.
878 134 901 168 ο.
920 116 990 185 aorJ.

103 305 118 356 1
241 288 315 354 LII.
355 290 421 355 Per
451 290 496 355 M.
530 289 700 375 Duillium,
739 291 795 378 qui
827 289 975 356 tribunus
1012 286 1120 375 plebis
1158 279 1279 364 fuerat,

141 374 264 440 certior
285 376 372 441 facta
394 376 489 463 plebs
513 377 774 443 contentionibus
797 376 941 440 adsiduis
968 373 1050 439 nihil
1072 373 1221 457 transigi,
1244 372 1287 459 in,

142 460 280 527 Sacrum
302 473 447 526 montem
470 485 513 528 ex
534 460 699 529 Aventino
722 463 838 528 transit
860 461 1054 526 adfirmante
1069 458 1195 523 Duillio
1210 478 1288 522 nom

105 546 240 631 aprina,
264 569 363 634 quam
387 549 495 613 deseri
516 549 632 614 urbem
653 550 798 632 videant,
821 570 933 612 curam
955 547 1128 610 inarimos
1143 553 1279 632 patrum

142 632 388 715 descensuram3
433 635 674 700 admoniturum
712 635 847 700 Sacrum
890 642 1036 698 montem
1073 631 1278 697 constantiae

140 716 260 805 plebis,
292 720 441 802 scituros,
479 743 578 807 quam
611 722 681 786 sine
717 722 867 786 restituta
901 729 1063 804 potestate
1100 717 1279 782 tribunicia

106 814 122 859 3
140 804 247 888 redigi
268 808 303 869 in
326 806 535 870 concordiam
556 828 610 873 res
630 817 803 895 nequeant.
826 807 880 872 via
898 805 1112 888 Nomentana,
1135 804 1190 868 cui
1203 811 1279 867 tum

98 905 103 924 ⁸
141 889 308 955 ¹Ficulensi
328 913 448 957 nomen
470 892 540 970 fuit,
572 894 711 977 profecti
734 902 842 958 castra
871 893 903 956 in
930 900 1041 956 monte
1064 888 1165 956 Sacro
1188 889 1276 954 loca-

140 998 218 1040 vere
254 976 449 1042 modestiam
486 988 618 1064 patrum
654 1000 787 1044 suorum
831 976 912 1041 nihil
952 975 1107 1043 violando
1143 975 1276 1039 imitati.

143 1071 256 1126 secuta
278 1065 459 1127 exercitum
481 1062 576 1149 plebs
597 1064 697 1149 nullo,
731 1064 788 1152 qui
819 1085 879 1149 per
909 1059 1050 1127 aetatem
1076 1063 1126 1127 ire
1148 1069 1275 1147 posset,

50 1194 57 1211 .
106 1157 348 1212 tretractante.
393 1160 636 1235 prosequuntur
668 1152 821 1234 coniuges
858 1148 1030 1236 liberique,
1068 1149 1198 1212 cuinam
1238 1169 1276 1210 sc

141 1232 365 1320 relinquerent
385 1237 419 1298 in
442 1257 481 1299 ea
502 1235 594 1318 urbe,
616 1236 650 1300 in
672 1258 738 1322 qua
763 1257 826 1300 nec
857 1235 1015 1320 pudicitia
1044 1255 1107 1299 nec
1136 1231 1276 1297 libertas

140 1329 252 1384 sancta
275 1329 370 1402 esset,
395 1321 624 1387 miserabiliter
644 1325 836 1405 rogitantes.

104 1418 120 1466 5
245 1403 328 1471 (lum
348 1418 443 1471 vasta
463 1407 587 1472 Romae
609 1410 716 1472 omnia
737 1409 865 1472 insueta
891 1404 1031 1470 solitudo
1061 1404 1205 1483 fecisset,
1239 1403 1275 1468 in

140 1490 212 1555 foro
234 1502 368 1577 praeter
388 1515 510 1577 paucos
534 1495 696 1559 seniorum
717 1515 813 1559 nemo
837 1501 932 1571 esset,
954 1492 1079 1556 vocatis
1101 1491 1215 1576 utique
1238 1489 1275 1553 in

140 1586 288 1642 senatum
311 1578 460 1664 patribus
484 1580 650 1644 desertum
678 1582 883 1668 apparuisset
911 1577 1028 1658 forum,
1060 1575 1171 1661 plures
1203 1575 1275 1639 iam

103 1678 238 1748 equam
271 1663 428 1729 Horatius
454 1686 493 1729 ac
524 1664 676 1730 Valerius
706 1663 984 1731 vociferabantur:
1017 1661 1116 1750 ,quid
1150 1682 1273 1748 expec-

139 1747 259 1829 tabitis,
292 1761 402 1834 patres
434 1750 629 1838 conscripti?
671 1754 698 1816 si
735 1751 911 1817 decemviri
941 1748 1040 1813 finem
1071 1748 1274 1833 pertinaciae

138 1856 203 1898 non
225 1834 355 1917 faciunt,
379 1859 474 1901 ruere
495 1860 534 1901 ac
558 1836 739 1922 deflagrare
762 1836 870 1901 omnia
892 1836 1021 1921 passuri
1042 1832 1143 1899 estis?
1180 1834 1274 1920 quod

139 1930 249 1984 autem
270 1922 358 1985 istud
380 1923 552 2007 imperium
577 1933 636 2000 est,
661 1923 847 2005 decemviri,
864 1921 954 2005 quod
970 1920 1114 2006 amplexi
1129 1918 1274 1984 tenetis?

103 2025 118 2072 7
139 2007 235 2070 tectis
257 2028 297 2071 ac
320 2008 498 2091 parietibus
520 2010 593 2073 iura
616 2010 734 2074 dicturi
756 2008 856 2074 estis?
893 2028 959 2071 non
984 2007 1088 2093 pudet
1116 2002 1272 2070 lictorum

139 2101 323 2156 vestrorum
347 2094 503 2156 maiorem
526 2117 630 2182 prope
661 2102 832 2160 numerum
853 2094 886 2157 in
907 2093 977 2157 foro
1001 2093 1148 2178 conspici
1170 2113 1274 2177 quam

138 2187 323 2261 togatorum
354 2177 514 2243 aliorum?
559 2182 647 2268 quid,
686 2182 713 2245 si
744 2180 855 2244 hostes
892 2179 936 2243 ad
970 2179 1088 2243 urbem
1124 2179 1272 2264 veniant,

138 2264 256 2327 facturi
287 2263 387 2330 estis?
432 2266 522 2352 quid,
555 2269 581 2330 si
636 2266 707 2332 lebs
738 2288 825 2348 mox,
857 2264 915 2329 ubi
944 2286 1062 2349 parum
1083 2264 1272 2330 secessione

104 2364 337 2434 amoveamur,
361 2361 486 2415 armata
508 2291 639 2418 venial
675 2374 833 2418 occasune
860 2351 950 2415 urbis
971 2348 1071 2416 vultis
1092 2349 1188 2413 finire
1210 2352 1271 2415 im·

138 2433 288 2523 perium?
331 2438 423 2522 atqui
456 2447 513 2502 aut
542 2438 637 2527 plebs
670 2462 736 2504 non
768 2447 818 2503 est
849 2435 1010 2518 habenda,
1045 2445 1102 2501 aut
1123 2434 1272 2500 habendi

138 2531 214 2585 sunt
234 2521 357 2596 tribuni
378 2523 494 2607 plebis.
517 2547 577 2589 nos
601 2526 694 2590 citius
717 2524 917 2590 caruerimus
938 2521 1083 2607 patriciis
1097 2523 1271 2606 magistra·

27 2653 30 2657 «
104 2625 119 2673 9
139 2607 225 2672 tibus
242 2631 339 2693 quam
355 2608 401 2673 illi
417 2608 553 2694 plebeis.
568 2633 687 2677 novam
701 2612 970 2696 inexpertamque
984 2630 1056 2673 eam
1071 2617 1271 2695 potestatem

139 2694 288 2776 eripuere
321 2693 468 2778 patribus
499 2698 628 2779 nostris,
659 2719 701 2761 ne
732 2719 818 2761 nunc
849 2694 1020 2759 dulcedine
1051 2692 1153 2759 semel
1181 2695 1270 2779 capti

136 2778 243 2842 ferant
266 2778 474 2862 desiderium,
497 2803 571 2845 cum
593 2784 786 2869 praesertim
808 2803 870 2848 nec
889 2803 948 2846 nos
964 2790 1184 2868 temperemus
1205 2779 1269 2844 im·

88 2886 120 2934 10
138 2864 246 2950 perfia,
281 2866 453 2951 quominus
484 2865 531 2930 illi
553 2867 665 2932 auxilii
697 2869 845 2954 egeant.“
884 2890 957 2932 cum
988 2866 1071 2931 haec
1103 2888 1146 2930 ex
1179 2867 1270 2930 omni

137 2958 230 3035 parte
266 2950 474 3033 metarentur,
515 2953 595 3018 victi
632 2976 792 3020 consensu
836 2953 1013 3018 decemviri
1055 2951 1182 3017 futuros
1221 2975 1269 3033 se,

87 3054 117 3102 11
138 3035 268 3122 quando
300 3037 346 3100 ita
376 3037 537 3120 videatur,
573 3040 607 3103 in
643 3050 805 3125 potestate
841 3045 972 3126 patrum
1009 3038 1193 3102 adfirmant.
1233 3039 1270 3103 id

136 3121 235 3185 modo
259 3120 354 3186 simul
377 3133 473 3187 orant
494 3147 533 3189 ac
560 3136 701 3208 monent,
733 3134 770 3191 ut
791 3129 870 3214 ipsis
892 3125 934 3190 ab
956 3125 1079 3188 invidia
1100 3132 1268 3207 caveatur,

135 3229 197 3272 nec
219 3230 278 3272 suo
301 3210 458 3292 sanguine
480 3211 523 3274 ad
546 3211 706 3299 supplicia
727 3221 856 3297 patrum
876 3210 1008 3300 plebem
1032 3207 1267 3275 adsuefaciant.

101 3315 114 3362 1
238 3294 329 3359 LIII.
352 3295 436 3359 Tum
452 3294 603 3362 Valerius
623 3297 844 3383 Horatiusque
866 3298 957 3362 missi
979 3296 1019 3360 ad
1044 3295 1174 3382 plebem
1190 3317 1267 3361 con·

136 3379 316 3445 dicionibus
347 3380 465 3467 quibus
497 3384 664 3448 videretur
700 3383 918 3449 revocandam
957 3382 1268 3470 componendasque

134 3488 188 3529 res
212 3465 406 3531 decemviris
431 3488 561 3556 quoque
584 3469 627 3534 ab
648 3470 698 3534 ira
729 3478 763 3535 et
788 3471 911 3557 impetu
932 3468 1148 3533 multitudinis
1170 3489 1265 3556 prae-

100 3570 251 3618 acavere
282 3551 446 3618 iubentur.
483 3555 619 3641 profecti
650 3557 769 3640 gaudio
802 3556 925 3640 ingenti
955 3555 1061 3643 plebis
1090 3556 1123 3618 in
1158 3563 1266 3619 castra

135 3639 347 3724 accipiuntur,
382 3640 502 3728 quippe
533 3640 725 3707 liberatores
757 3643 846 3706 haud
869 3643 967 3706 du'oie
990 3652 1022 3706 et
1043 3651 1150 3705 motus
1172 3641 1265 3706 initio

98 3732 167 3793 aot
189 3726 279 3789 exitu
301 3725 359 3790 rei.
383 3724 425 3789 ob
449 3727 531 3792 haec
551 3728 591 3792 iis
613 3728 860 3794 advenientibus
883 3730 1006 3813 gratiae
1030 3735 1132 3791 actae.
1152 3725 1264 3791 Icilius

128 3831 192 3895 pro
216 3810 422 3876 multitudine
454 3813 558 3878 verba
587 3813 672 3885 fauit
704 3814 805 3881 trem,
834 3836 909 3880 cum
941 3815 983 3879 de
1014 3811 1262 3880 condicionibus
