2738 4146
379 139 493 190 arnna
511 141 545 191 tn
565 140 640 192 cae.
659 144 702 196 rs.
721 145 762 194 se.
782 140 815 211 [a.
834 143 867 194 n.
886 159 909 194 ο.
928 142 998 212 2831.
1215 133 1276 192 103

97 311 199 378 vellet
221 333 349 396 agmen,
372 312 497 376 tardius
521 312 633 378 sedulo
657 315 826 396 incedere3
854 316 880 379 si
904 315 1095 381 adhortator
1118 317 1227 403 operis

97 401 240 481 adesset,
275 421 386 463 omnes
418 421 476 462 sua
512 410 628 484 sponte
661 410 783 465 motam
820 403 986 467 remittere
1021 403 1262 484 industriam;8

97 486 263 571 praesenti
291 485 400 549 vultus
435 486 615 570 demittere,
638 488 736 552 tacite
759 498 1024 572 praetereuntem
1053 491 1226 571 exsecrari,

96 582 135 636 ut
161 573 301 635 invictus
329 570 383 634 ille
412 572 486 636 odio
518 571 646 656 plebeio
679 575 804 637 animus
836 575 999 639 interdum
1029 586 1263 644 moveretur-9

98 660 186 722 omni
209 659 406 743 nequiquam
430 657 610 723 acerbitate
632 669 784 743 prompta
798 658 877 723 nihil
893 661 958 724 iam
981 683 1055 726 cum
1070 661 1227 725 militibus

98 767 207 827 agere,
231 766 250 807 a
273 745 514 807 centurionibus
537 755 725 830 corruptum
743 747 922 810 exercitum
938 747 1057 829 dicere,
1079 746 1227 812 tribunos

97 831 208 916 plebei
232 829 385 894 cavillans
409 831 572 894 interdum
597 841 629 895 et
650 830 831 896 Volerones
853 854 983 896 vocare.

202 916 294 980 LIX.
318 914 405 979 Nihil
429 937 543 981 eorum
569 916 680 981 Volsci
708 917 897 982 nesciebant
926 917 1155 1002 instabantque
1187 939 1259 985 eol

98 1005 203 1085 magis
227 1011 396 1087 sperantes
419 1002 506 1066 idem
524 1013 689 1067 certamen
706 1006 886 1068 animorum
908 1004 1065 1068 adversus
1081 1005 1226 1089 Appium

97 1088 288 1152 habiturum
304 1089 484 1152 exercitum
499 1088 693 1172 Romanum,
711 1090 799 1175 quod
815 1090 974 1154 adversus
990 1089 1126 1153 Fabium
1150 1111 1225 1153 con·

80 1173 205 1238 'sulem
238 1175 416 1238 habuisset.
450 1174 594 1238 ceterum
626 1175 728 1239 multo
756 1175 864 1262 Appio
899 1197 996 1261 quam
1019 1175 1123 1240 Fabio
1155 1177 1263 1244 vio-2

97 1260 218 1324 lentior
239 1262 314 1341 fuit3
346 1261 519 1323 nonenim
549 1262 683 1341 yincere
706 1272 830 1328 tantum
854 1261 967 1342 noluit,
1002 1271 1037 1325 ut
1059 1263 1225 1325 Fabianus

96 1348 272 1424 exercitus,
306 1346 363 1410 sed
386 1346 471 1409 vinci
493 1345 606 1411 voluit.
639 1348 818 1432 productus
850 1350 884 1412 in
911 1349 1015 1411 aciem
1038 1348 1125 1432 turpi
1147 1347 1226 1430 fuga

96 1435 180 1518 petit
197 1442 303 1496 castra
318 1454 378 1496 nec
395 1441 469 1496 ante
484 1435 612 1516 restitit,
636 1455 732 1520 quam
755 1436 848 1518 signa
862 1434 1054 1498 inferentem
1070 1433 1225 1498 Volscum

96 1519 306 1582 munimentis
329 1519 411 1583 vidit
432 1518 627 1603 foedamque
651 1521 790 1584 extremi
812 1521 948 1603 agminis
972 1520 1117 1584 caedem.
1155 1530 1224 1583 tum

96 1606 329 1688 expresseris
353 1605 392 1668 ad
417 1606 639 1688 pugnandum,
671 1615 708 1668 ut
729 1607 834 1669 victor
857 1608 921 1670 iarn
944 1605 1070 1671 avallo
1095 1604 1260 1692 submo-3

94 1701 230 1769 veretur
260 1690 373 1772 hostis,
406 1693 484 1764 satis
517 1701 625 1755 tamen
656 1702 831 1777 appareret
862 1693 934 1776 oapi
964 1702 1089 1756 tantum
1120 1701 1226 1755 castra
1303 1696 1306 1700 ’

96 1776 233 1840 militem
255 1776 436 1840 Romanum
459 1776 611 1855 noluisse,
645 1776 722 1841 alibi
752 1778 896 1861 gaudere
929 1800 988 1841 sua
1011 1777 1103 1840 clade
1127 1787 1224 1862 atque

94 1863 283 1943 ignominia.
321 1862 437 1948 quibus
461 1861 539 1925 nihil
561 1863 717 1926 infractus
749 1865 843 1928 ferox
865 1864 967 1949 Appii
989 1864 1123 1926 'animus
1153 1884 1224 1926 cum
1246 1913 1262 1960 4

96 1951 232 2033 insuper
255 1951 379 2013 saevire
402 1946 504 2012 vellet
536 1950 785 2034 contionemque
809 1951 995 2031 advocaret,
1029 1959 1225 2012 concurrunt

95 2035 140 2097 ad
157 2057 230 2099 eum
246 2032 345 2119 legati
358 2034 545 2120 tribunique
568 2045 746 2115 monentes,
769 2057 811 2100 ne
827 2037 939 2121 utique
957 2035 1101 2121 experiri
1124 2034 1223 2099 vellet

94 2120 278 2204 imperium,
306 2121 468 2184 cuiusvis
492 2122 595 2185 omnis
618 2122 652 2185 in
676 2143 835 2186 consensu
859 2122 1103 2186 oboedientium
1127 2130 1222 2185 esset.

93 2228 217 2290 negare
249 2205 348 2290 vulgo
380 2204 499 2271 milites
531 2229 566 2270 se
600 2209 640 2270 ad
675 2209 856 2271 contionem
888 2209 1000 2289 ituros,
1039 2207 1260 2293 passimquefi
1288 2214 1291 2222 “

94 2293 246 2357 exaudiri
282 2314 381 2357 voces
419 2292 661 2377 postulantium,
700 2307 735 2357 ut
767 2303 874 2357 castra
912 2316 954 2358 ex
987 2292 1107 2357 Volsco
1146 2314 1224 2376 agro

93 2388 296 2443 moveantur.
329 2379 456 2444 hostem
480 2379 638 2444 victorem
661 2378 758 2464 paulo
782 2389 857 2442 ante
879 2401 983 2464 prope
1007 2380 1039 2441 in
1062 2379 1164 2463 portis
1187 2400 1225 2441 ac

92 2464 181 2529 vallo
214 2466 324 2545 fuisse,
356 2465 560 2550 ingentisque
590 2464 667 2529 mali
696 2486 761 2528 non
785 2466 1002 2550 suspicionem
1034 2465 1143 2545 modo,
1167 2464 1225 2527 sed

93 2562 241 2634 apertam
253 2552 393 2635 speciem
411 2550 579 2614 obversari
595 2564 669 2614 ante
683 2550 804 2614 oculos
816 2552 920 2614 victus
936 2550 1077 2632 tandem,
1094 2549 1223 2634 quando
1243 2556 1259 2603 6

94 2637 229 2722 quidem
266 2636 349 2700 nihil
379 2646 511 2722 praeter
549 2646 679 2722 tempus
716 2659 822 2701 noxae
856 2635 1069 2718 lucrarentur,
1105 2637 1224 2700 omissa

94 2723 247 2787 contione
271 2723 334 2787 iter
355 2723 388 2786 in
403 2723 626 2808 insequentem
644 2723 730 2786 diem
746 2723 947 2809 pronuntiari
970 2744 1044 2786 cum
1067 2723 1223 2804 iussisset,

93 2811 202 2894 prima
225 2807 296 2872 luce
320 2807 455 2873 classico
480 2809 606 2893 signum
627 2809 837 2892 profectionis
861 2809 961 2873 dedit.
987 2831 1059 2872 cum
1083 2809 1223 2871 maxime
1244 2816 1258 2862 7

92 2916 212 2979 agmen
229 2917 247 2958 e
263 2895 375 2959 castris
391 2893 620 2981 explicaretur,
638 2895 757 2977 Volsci,
781 2905 817 2959 ut
834 2896 949 2960 eodem
965 2896 1055 2977 signo
1081 2895 1222 2975 excitati,

94 2981 291 3045 novissimos
307 2981 507 3045 adoriuntur.
531 3003 551 3044 a
564 2980 682 3067 quibus
698 2981 843 3067 perlatus
860 2982 900 3044 ad
917 2982 1041 3066 primos
1065 2979 1222 3044 tumultus

91 3089 131 3130 eo
155 3088 282 3152 pavore
306 3068 463 3152 signaque
498 3076 531 3131 et
553 3069 683 3131 ordines
717 3067 869 3150 turbavit,
901 3077 936 3131 ut
958 3089 1064 3152 neque
1087 3067 1223 3149 imperia

92 3153 244 3217 exaudiri
267 3174 374 3238 neque
397 3153 512 3216 instrui
539 3153 625 3217 acies
648 3163 768 3237 posset.
800 3175 896 3237 nemo
924 3152 1020 3216 ullius
1043 3153 1104 3215 nisi
1125 3151 1222 3235 fugae
1241 3161 1257 3208 8

89 3261 227 3303 memor.
247 3239 293 3302 ita
309 3239 411 3304 effuso
428 3240 556 3323 agmine
570 3261 631 3324 per
647 3236 789 3322 stragem
805 3261 975 3322 corporum
992 3259 1221 3323 armorumque

90 3347 238 3409 evasere,
273 3335 309 3389 ut
340 3327 431 3411 prius
464 3325 567 3389 hostis
600 3325 772 3388 desisteret
804 3327 896 3410 sequi
928 3346 1024 3410 quam
1055 3324 1220 3388 Romanus

91 3412 217 3496 fugere.
242 3412 375 3475 tandem
393 3410 536 3475 collectis
561 3433 602 3475 ex
626 3411 782 3497 dissipato
800 3433 896 3474 cursu
919 3410 1074 3474 militibus
1098 3409 1219 3491 consul,
1240 3422 1255 3470 9

91 3519 166 3562 cum
191 3497 380 3563 revocando
402 3498 600 3582 nequiquam
624 3519 699 3561 suos
723 3506 912 3583 persecutus
929 3506 1023 3575 esset,
1048 3497 1080 3558 in
1096 3505 1219 3582 pacato

89 3605 168 3668 agro
187 3594 295 3647 castra
309 3585 432 3670 posuit3
457 3584 683 3668 advocataque
700 3584 850 3647 contione
865 3585 1012 3646 invectus
1028 3581 1116 3645 haud
1138 3581 1219 3646 falso

88 3671 120 3734 in
156 3670 360 3756 proditorem
394 3671 575 3734 exercitum
605 3668 754 3732 militaris
787 3667 986 3754 disciplinae,
1018 3668 1219 3732 desertorem

89 3757 269 3840 signorum,
302 3755 360 3819 ubi
388 3757 488 3838 signa,
524 3755 581 3818 ubi
613 3777 704 3818 arma
735 3765 855 3840 essent,
889 3753 1039 3838 singulos
1065 3756 1238 3834 rogtans,
1253 3770 1294 3810 m

88 3841 232 3908 inermes
255 3840 383 3921 milites,
407 3843 499 3922 signo
523 3842 643 3911 amisso
660 3842 853 3929 signiferos,
875 3842 924 3909 ad
935 3841 1012 3904 boe
1035 3837 1261 3902 centutxones
1280 3845 1319 3885 xx
