2738 4146
339 113 448 162 LlBER
465 115 487 164 1.
507 115 583 165 CAP.
602 116 644 165 44.
663 117 705 166 ts.
727 114 761 182 [a.
779 115 813 167 U.
834 132 856 167 c.
876 116 1032 184 tro-2201.
1250 107 1290 163 39

108 282 190 347 urbe
214 282 320 347 divisa
342 285 529 368 regionibns
546 284 760 372 collibusque,
786 289 841 374 qui
865 288 1105 370 habitabantur,
1129 299 1240 374 partes

109 393 164 434 eas
187 369 291 433 tribus
315 369 504 456 appellavit,
537 382 573 436 ut
601 395 661 456 ego
685 373 836 454 arbitror,
861 397 881 438 a
903 376 1041 456 tribut03
1073 399 1147 438 nam
1172 377 1240 439 eius

108 478 239 542 quoque
261 457 439 541 aequaliter
461 479 618 522 exsensu
641 460 826 523 conferendi
843 460 884 524 ab
909 462 1028 526 eodem
1054 463 1133 524 inita
1155 463 1238 527 ratio

109 553 173 624 est;
197 564 304 629 neque
322 566 379 606 eac
403 543 507 608 tribus
530 545 572 608 ad
597 547 815 609 centuriarum
840 547 1103 611 distributionem
1127 569 1240 611 nume-

109 650 248 715 rumque
273 629 446 714 quiequam
469 632 665 716 pertinuere.

214 713 335 778 XLIV.
360 715 467 780 Censu
490 717 646 801 perlecto,
680 739 776 803 quem
800 728 1021 782 maturaverat
1048 728 1138 782 metu
1159 717 1272 802 legist

110 800 151 864 de
175 801 314 865 incensis
337 800 423 865 latae
448 823 518 865 cum
552 801 755 867 vinculorum
784 805 879 867 minis
902 805 1090 889 mortisque,
1127 803 1240 884 edixit,

109 896 145 950 ut
168 909 279 951 omnes
303 888 390 951 cives
410 887 557 967 Romani,
582 892 707 976 equites
730 890 935 977 peditesque,
959 890 990 952 in
1015 891 1241 976 unisquisque

110 974 263 1036 centuriis
280 974 311 1036 in
328 995 443 1060 campo
461 975 578 1038 llartio
593 978 701 1061 prima
715 975 789 1039 luce
804 978 966 1040 adessent.
989 976 1034 1040 ibi
1049 977 1241 1039 instructum
1263 996 1277 1042 a

110 1060 289 1123 exereitum
312 1082 440 1124 omnem
463 1061 736 1126 suovetaurilibus
758 1060 925 1143 lustravit3
951 1061 1049 1147 idque
1073 1063 1241 1125 conditum

111 1143 249 1208 lustrum
272 1145 485 1231 appellatum,
509 1149 585 1234 quia
606 1149 634 1212 is
658 1149 820 1212 censendo
844 1147 919 1211 finis
942 1148 1047 1212 factus
1071 1158 1129 1214 est.
1153 1147 1242 1212 milia

112 1233 281 1314 octoginta
304 1253 341 1296 eo
366 1232 466 1296 lustro
483 1235 602 1297 civium
626 1256 725 1298 censa
740 1234 903 1315 dicuntur3
927 1234 1026 1297 adicit
1049 1235 1241 1318 scriptorum

111 1318 358 1403 antiquissimus
374 1319 498 1382 Fabius
512 1319 634 1397 Pictor,
660 1343 783 1396 eorum,
810 1322 864 1403 qui
881 1342 971 1384 arma
993 1321 1076 1384 serre
1099 1329 1241 1404 possent,

112 1425 185 1466 eum
222 1408 390 1467 numerum
424 1406 533 1470 fuisse.
569 1406 610 1468 ad
635 1429 704 1470 eam
729 1403 966 1469 multitudinem
1000 1406 1079 1469 urbs
1113 1427 1275 1491 quoquot

62 1547 64 1550 ,
111 1489 343 1575 amplificanda
375 1492 447 1554 visa
470 1502 527 1556 est.
562 1492 653 1555 addit
676 1493 756 1556 duos
781 1491 892 1570 colles,
916 1491 1114 1570 Quirinalem
1139 1490 1242 1555 Vimi-

110 1574 299 1661 nalemque3
338 1577 413 1642 inde
446 1576 601 1663 deinceps
634 1589 732 1662 auget
753 1578 917 1663 Esquilias
952 1577 1062 1662 ibique
1095 1579 1176 1662 ipse,
1207 1587 1244 1642 ut

110 1660 182 1726 loco
208 1662 348 1744 dignitas
372 1662 478 1747 fieret,
511 1663 646 1741 habitat.
678 1686 798 1749 aggere
833 1675 866 1730 et
892 1664 987 1728 fossis
1010 1673 1042 1727 et
1064 1684 1157 1727 muro
1181 1664 1239 1726 cir-

111 1748 244 1812 cumdat
267 1749 399 1830 urbem,
423 1750 472 1836 ita·
489 1752 669 1836 pomerium
694 1751 825 1835 profert.
849 1752 1043 1836 pomerium,
1067 1749 1162 1812 verbi
1175 1751 1242 1812 vim
1262 1772 1278 1821 4

109 1833 214 1898 solam
239 1835 411 1916 intuentes,
435 1837 668 1921 postmoerium
685 1838 938 1921 interpretantur
952 1856 1039 1914 esse3
1062 1845 1112 1899 est
1133 1845 1241 1898 autem

110 1920 215 2004 magis
254 1922 510 2001 circamoerium,
548 1921 649 2004 locus,
689 1945 784 2009 quern
823 1925 855 1986 in
893 1921 1069 1986 condendis
1105 1920 1241 1985 urbibus

111 2005 276 2091 quondam
300 2006 442 2088 Etrusci,
476 2030 541 2093 qua
562 2030 690 2072 murum
724 2008 854 2071 ducturi
887 2017 988 2090 erant,
1024 2007 1122 2071 certis
1155 2008 1241 2071 circa

111 2093 259 2156 terminis
282 2094 474 2177 inaugurato
508 2095 751 2176 consecrabant,
782 2103 819 2158 ut
841 2116 948 2180 neque
971 2095 1123 2157 interiore
1146 2102 1240 2179 parte

109 2178 261 2242 aedificia
283 2177 453 2244 moenibus
477 2183 753 2262 continuarentur,
787 2202 870 2266 quae
902 2203 988 2243 nune
1020 2177 1118 2262 rulgo
1142 2180 1240 2243 etiam

111 2265 320 2348 coniungunt,
351 2275 384 2330 et
408 2267 609 2331 extrinsecus
640 2268 715 2353 puri
746 2266 867 2352 aliquid
903 2265 944 2329 ab
979 2266 1121 2329 humano
1154 2264 1242 2328 cultu

109 2359 238 2435 pateret
261 2349 331 2414 soli.
355 2351 420 2416 hoc
443 2353 593 2438 spatium,
622 2353 708 2438 quod
730 2375 837 2436 neque
859 2351 1001 2415 habitari
1023 2372 1132 2435 neque
1156 2353 1241 2414 arari
1261 2361 1276 2406 5

109 2436 158 2499 fas
184 2446 262 2518 erat,
287 2459 350 2501 non
374 2440 488 2522 magis,
521 2439 608 2525 quod
641 2448 718 2524 post
741 2460 868 2501 murum
894 2447 989 2515 esset,
1030 2457 1126 2521 quam
1151 2436 1241 2522 qnod

109 2543 225 2586 murus
248 2533 325 2609 post
346 2523 389 2603 id,
423 2525 606 2607 pomerium
628 2525 764 2588 Romani
787 2522 1006 2611 appellarunt,
1040 2523 1126 2584 etin
1148 2522 1240 2586 urbis

110 2609 310 2673 incremento
348 2631 488 2695 semper,
536 2621 690 2697 quantum
734 2610 862 2673 moenia
898 2630 1093 2694 processura
1138 2618 1240 2691 erant,

109 2704 234 2758 tantum
256 2696 387 2759 termini
411 2697 443 2758 bi
468 2698 655 2775 consecrati
671 2696 929 2781 proferebantur.

211 2780 316 2844 XLV.
342 2782 448 2846 Aucta
471 2782 603 2846 ciuitate
630 2782 851 2866 magnitudine
873 2781 975 2859 urbis,
1003 2781 1149 2845 formatis
1173 2803 1239 2843 om-
1263 2793 1273 2840 t

109 2865 206 2930 nibus
231 2867 319 2930 domi
353 2878 385 2931 et
405 2869 446 2930 ad
471 2866 548 2932 belli
572 2877 605 2932 et
627 2869 668 2932 ad
690 2869 780 2954 pacis
802 2889 890 2941 usus,
928 2889 967 2930 ne
991 2889 1122 2952 semper
1144 2868 1241 2929 armis

108 2973 189 3035 opes
212 2953 472 3039 adquirerentur,
507 2954 640 3018 consilio
670 2977 791 3038 augere
823 2954 996 3039 imperium
1022 2961 1157 3015 conatus
1181 2962 1241 3034 est,

109 3036 205 3101 simul
229 3048 263 3103 et
286 3039 418 3125 aliquod
441 3041 565 3104 addere
588 3042 662 3104 urbi
685 3041 794 3104 decue.
823 3040 887 3103 iam
911 3049 978 3102 tum
1004 3047 1073 3102 erat
1094 3036 1240 3101 inclitum
1262 3051 1277 3101 2

108 3123 234 3188 Dianae
257 3125 422 3210 Ephesiae
444 3126 569 3207 fanum;
593 3126 626 3190 id
652 3127 866 3191 communiter
888 3147 908 3188 a
930 3124 1119 3189 civitatibus
1142 3122 1241 3187 Asiae

106 3211 229 3273 tactum
251 3211 338 3275 fama
368 3211 504 3275 ferebat.
538 3234 612 3275 eum
635 3233 826 3277 eonsensum
860 3210 1003 3295 deosque
1039 3210 1240 3272 consociatos

106 3295 242 3360 laudare
266 3298 349 3360 mire
366 3297 500 3361 Servius
522 3299 607 3362 inter
630 3320 783 3382 proceres
798 3297 1000 3376 Latinorum,
1024 3318 1096 3360 cum
1122 3293 1240 3378 quibus

107 3381 240 3466 publice
264 3385 486 3468 privatimque
507 3382 652 3468 hospitia
675 3384 898 3467 amicitiasque
923 3383 963 3446 de
986 3381 1146 3445 industria
1168 3382 1236 3444 iun·

105 3478 211 3532 xerat.
248 3491 349 3554 saepe
381 3468 529 3534 iterando
562 3471 677 3534 eadem
710 3469 854 3555 perpulit
884 3469 1026 3548 tandem,
1059 3475 1095 3531 ut
1116 3466 1239 3530 Romae

106 3553 217 3619 fanum
242 3554 370 3619 Dianae
394 3554 508 3640 populi
531 3555 639 3619 Latini
668 3578 741 3619 cum
766 3553 889 3640 populo
912 3554 1059 3617 Romano
1082 3552 1238 3616 facerent.

105 3663 144 3704 ea
168 3649 238 3704 erat
261 3641 422 3705 confessio
446 3651 544 3725 eaput
566 3664 676 3705 rerum
700 3642 835 3704 Romam
860 3662 941 3719 esse,
966 3641 1007 3704 de
1031 3661 1095 3725 quo
1119 3639 1273 3701 totiensa

104 3727 203 3790 armis
228 3736 386 3790 certatum
410 3727 526 3790 fuerat.
549 3728 582 3790 id
608 3749 807 3814 quamquam
830 3728 993 3791 omissum
1010 3727 1088 3787 iarn
1115 3743 1167 3782 ex
1184 3740 1257 3778 sm-

106 3815 196 3876 nium
221 3834 300 3876 cura
320 3812 509 3877 Latinorum
536 3812 579 3880 ob
612 3837 683 3881 rem
714 3816 840 3881 totiens
858 3811 1048 3878 iulelrc'iter
1069 3806 1290 3880 remquam

757 3998 771 4025 D
