<?xml version="1.0" encoding="UTF-8"?>
<!DOCTYPE html PUBLIC "-//W3C//DTD XHTML 1.0 Transitional//EN"
    "http://www.w3.org/TR/xhtml1/DTD/xhtml1-transitional.dtd">
<html xmlns="http://www.w3.org/1999/xhtml" xml:lang="en" lang="en">
 <head>
  <title>
</title>
<meta http-equiv="Content-Type" content="text/html;charset=utf-8" />
  <meta name='ocr-system' content='tesseract 3.04.00' />
  <meta name='ocr-capabilities' content='ocr_page ocr_carea ocr_par ocr_line ocrx_word'/>
</head>
<body>
  <div class='ocr_page' id='page_1' title='image "./aburbeconditali02livygoog_0152.png"; bbox 0 0 2738 4146; ppageno 0'>
   <div class='ocr_carea' id='block_1_1' title="bbox 350 113 1267 194">
    <p class='ocr_par' dir='ltr' id='par_1_1' title="bbox 350 113 1267 194">
     <span class='ocr_line' id='line_1_1' title="bbox 350 113 1267 194; baseline -0.002 -22"><span class='ocrx_word' id='word_1_1' title='bbox 350 122 462 174; x_wconf 76' lang='lat' dir='ltr'><strong>arana</strong></span> <span class='ocrx_word' id='word_1_2' title='bbox 479 123 551 174; x_wconf 83' lang='lat' dir='ltr'><strong>xxi.</strong></span> <span class='ocrx_word' id='word_1_3' title='bbox 571 123 647 174; x_wconf 73' lang='lat' dir='ltr'><strong>cir.</strong></span> <span class='ocrx_word' id='word_1_4' title='bbox 665 128 707 175; x_wconf 80' lang='lat' dir='ltr'><strong>es.</strong></span> <span class='ocrx_word' id='word_1_5' title='bbox 727 127 768 177; x_wconf 82' lang='lat' dir='ltr'><strong>ao.</strong></span> <span class='ocrx_word' id='word_1_6' title='bbox 790 123 827 194; x_wconf 76' lang='lat' dir='ltr'><strong>[a.</strong></span> <span class='ocrx_word' id='word_1_7' title='bbox 845 126 878 177; x_wconf 87' lang='lat' dir='ltr'><strong>u.</strong></span> <span class='ocrx_word' id='word_1_8' title='bbox 897 141 920 176; x_wconf 66' lang='grc' dir='ltr'><strong>ο.</strong></span> <span class='ocrx_word' id='word_1_9' title='bbox 939 124 1013 194; x_wconf 74' lang='lat' dir='ltr'><strong>naq.</strong></span> <span class='ocrx_word' id='word_1_10' title='bbox 1209 113 1267 170; x_wconf 74' lang='lat'><strong>129</strong></span> 
     </span>
    </p>
   </div>
   <div class='ocr_carea' id='block_1_2' title="bbox 81 292 1260 900">
    <p class='ocr_par' dir='ltr' id='par_1_2' title="bbox 81 292 1260 900">
     <span class='ocr_line' id='line_1_2' title="bbox 169 292 1258 382; baseline 0.007 -26"><span class='ocrx_word' id='word_1_11' title='bbox 169 292 299 357; x_wconf 88' lang='lat' dir='ltr'>XXIX.</span> <span class='ocrx_word' id='word_1_12' title='bbox 330 293 420 360; x_wconf 93' lang='lat' dir='ltr'><strong>Dum</strong></span> <span class='ocrx_word' id='word_1_13' title='bbox 454 294 618 382; x_wconf 82' lang='lat' dir='ltr'>elephanti</span> <span class='ocrx_word' id='word_1_14' title='bbox 652 299 851 381; x_wconf 89' lang='lat' dir='ltr'><strong>traiciuntur,</strong></span> <span class='ocrx_word' id='word_1_15' title='bbox 888 297 1016 362; x_wconf 90' lang='lat' dir='ltr'><strong>interim</strong></span> <span class='ocrx_word' id='word_1_16' title='bbox 1049 296 1258 364; x_wconf 80' lang='lat' dir='ltr'><strong>&#39;Hanniball</strong></span> 
     </span>
     <span class='ocr_line' id='line_1_3' title="bbox 82 378 1219 471; baseline 0.006 -29"><span class='ocrx_word' id='word_1_17' title='bbox 82 378 244 444; x_wconf 85' lang='lat' dir='ltr'><strong>Numidas</strong></span> <span class='ocrx_word' id='word_1_18' title='bbox 268 380 393 466; x_wconf 79' lang='lat' dir='ltr'><strong>equites</strong></span> <span class='ocrx_word' id='word_1_19' title='bbox 409 382 601 466; x_wconf 87' lang='lat' dir='ltr'><strong>quingentos</strong></span> <span class='ocrx_word' id='word_1_20' title='bbox 617 381 659 445; x_wconf 90' lang='lat' dir='ltr'><strong>ad</strong></span> <span class='ocrx_word' id='word_1_21' title='bbox 676 393 782 448; x_wconf 87' lang='lat' dir='ltr'><strong>castra</strong></span> <span class='ocrx_word' id='word_1_22' title='bbox 796 380 942 448; x_wconf 88' lang='lat' dir='ltr'><strong>Romana</strong></span> <span class='ocrx_word' id='word_1_23' title='bbox 957 384 1089 449; x_wconf 83' lang='lat' dir='ltr'><strong>miserat</strong></span> <span class='ocrx_word' id='word_1_24' title='bbox 1105 405 1219 471; x_wconf 90' lang='lat' dir='ltr'><strong>specu·</strong></span> 
     </span>
     <span class='ocr_line' id='line_1_4' title="bbox 82 465 1260 556; baseline 0.008 -29"><span class='ocrx_word' id='word_1_25' title='bbox 82 465 195 550; x_wconf 87' lang='lat' dir='ltr'><strong>latum,</strong></span> <span class='ocrx_word' id='word_1_26' title='bbox 218 465 276 531; x_wconf 93' lang='lat' dir='ltr'><strong>ubi</strong></span> <span class='ocrx_word' id='word_1_27' title='bbox 298 476 332 549; x_wconf 82' lang='lat' dir='ltr'><strong>et</strong></span> <span class='ocrx_word' id='word_1_28' title='bbox 353 477 492 552; x_wconf 88' lang='lat' dir='ltr'><strong>quantae</strong></span> <span class='ocrx_word' id='word_1_29' title='bbox 515 469 628 551; x_wconf 89' lang='lat' dir='ltr'><strong>copiae</strong></span> <span class='ocrx_word' id='word_1_30' title='bbox 651 478 760 534; x_wconf 83' lang='lat' dir='ltr'><strong>essent</strong></span> <span class='ocrx_word' id='word_1_31' title='bbox 782 479 814 534; x_wconf 89' lang='lat' dir='ltr'><strong>et</strong></span> <span class='ocrx_word' id='word_1_32' title='bbox 840 470 918 554; x_wconf 92' lang='lat' dir='ltr'><strong>quid</strong></span> <span class='ocrx_word' id='word_1_33' title='bbox 949 479 1111 556; x_wconf 87' lang='lat' dir='ltr'><strong>pararent.</strong></span> <span class='ocrx_word' id='word_1_34' title='bbox 1143 470 1220 535; x_wconf 94' lang='lat' dir='ltr'><strong>huic</strong></span> <span class='ocrx_word' id='word_1_35' title='bbox 1244 491 1260 538; x_wconf 78' lang='lat' dir='ltr'><strong>a</strong></span> 
     </span>
     <span class='ocr_line' id='line_1_5' title="bbox 82 550 1220 637; baseline 0.004 -23"><span class='ocrx_word' id='word_1_36' title='bbox 82 550 156 616; x_wconf 89' lang='lat' dir='ltr'><strong>alae</strong></span> <span class='ocrx_word' id='word_1_37' title='bbox 188 553 333 637; x_wconf 89' lang='lat' dir='ltr'><strong>equitum</strong></span> <span class='ocrx_word' id='word_1_38' title='bbox 363 554 462 632; x_wconf 87' lang='lat' dir='ltr'><strong>missi,</strong></span> <span class='ocrx_word' id='word_1_39' title='bbox 494 563 531 618; x_wconf 89' lang='lat' dir='ltr'><strong>ut</strong></span> <span class='ocrx_word' id='word_1_40' title='bbox 561 563 635 619; x_wconf 93' lang='lat' dir='ltr'><strong>ante</strong></span> <span class='ocrx_word' id='word_1_41' title='bbox 668 555 789 620; x_wconf 90' lang='lat' dir='ltr'><strong>dictum</strong></span> <span class='ocrx_word' id='word_1_42' title='bbox 817 567 876 637; x_wconf 89' lang='lat' dir='ltr'><strong>est,</strong></span> <span class='ocrx_word' id='word_1_43' title='bbox 900 554 941 618; x_wconf 96' lang='lat' dir='ltr'><strong>ab</strong></span> <span class='ocrx_word' id='word_1_44' title='bbox 966 558 1046 620; x_wconf 92' lang='lat' dir='ltr'><strong>ostio</strong></span> <span class='ocrx_word' id='word_1_45' title='bbox 1069 555 1220 621; x_wconf 88' lang='lat' dir='ltr'><strong>Rhodani</strong></span> 
     </span>
     <span class='ocr_line' id='line_1_6' title="bbox 81 638 1219 790; baseline 0.004 -88"><span class='ocrx_word' id='word_1_46' title='bbox 81 639 221 703; x_wconf 85' lang='lat' dir='ltr'><strong>trecenti</strong></span> <span class='ocrx_word' id='word_1_47' title='bbox 230 638 451 704; x_wconf 90' lang='lat' dir='ltr'><strong>Romanorum</strong></span> <span class='ocrx_word' id='word_1_48' title='bbox 462 642 586 725; x_wconf 85' lang='lat' dir='ltr'><strong>equites</strong></span> <span class='ocrx_word' id='word_1_49' title='bbox 597 641 951 728; x_wconf 86' lang='lat' dir='ltr'><strong>occurruntproelium</strong></span> <span class='ocrx_word' id='word_1_50' title='bbox 965 643 1105 707; x_wconf 89' lang='lat' dir='ltr'><strong>atrocius</strong></span> <span class='ocrx_word' id='word_1_51' title='bbox 1122 665 1219 790; x_wconf 88' lang='lat' dir='ltr'><strong>quam</strong></span> 
     </span>
     <span class='ocr_line' id='line_1_7' title="bbox 81 726 1259 813; baseline 0.005 -26"><span class='ocrx_word' id='word_1_52' title='bbox 81 746 144 809; x_wconf 92' lang='lat' dir='ltr'><strong>pro</strong></span> <span class='ocrx_word' id='word_1_53' title='bbox 167 746 304 789; x_wconf 90' lang='lat' dir='ltr'><strong>numero</strong></span> <span class='ocrx_word' id='word_1_54' title='bbox 327 727 541 810; x_wconf 89' lang='lat' dir='ltr'><strong>pugnantium</strong></span> <span class='ocrx_word' id='word_1_55' title='bbox 564 726 683 791; x_wconf 84' lang='lat' dir='ltr'><strong>editur:</strong></span> <span class='ocrx_word' id='word_1_56' title='bbox 712 748 786 791; x_wconf 88' lang='lat' dir='ltr'><strong>nam</strong></span> <span class='ocrx_word' id='word_1_57' title='bbox 809 736 939 813; x_wconf 90' lang='lat' dir='ltr'><strong>praeter</strong></span> <span class='ocrx_word' id='word_1_58' title='bbox 961 727 1062 792; x_wconf 87' lang='lat' dir='ltr'><strong>multa</strong></span> <span class='ocrx_word' id='word_1_59' title='bbox 1083 752 1128 793; x_wconf 82' lang='lat' dir='ltr'><strong>ru</strong></span> <span class='ocrx_word' id='word_1_60' title='bbox 1141 750 1219 791; x_wconf 89' lang='lat' dir='ltr'><strong>nera</strong></span> <span class='ocrx_word' id='word_1_61' title='bbox 1243 746 1259 793; x_wconf 85' lang='lat'><strong>3</strong></span> 
     </span>
     <span class='ocr_line' id='line_1_8' title="bbox 82 809 1220 900; baseline 0.002 -26"><span class='ocrx_word' id='word_1_62' title='bbox 82 809 205 875; x_wconf 88' lang='lat' dir='ltr'><strong>caedes</strong></span> <span class='ocrx_word' id='word_1_63' title='bbox 233 813 329 874; x_wconf 90' lang='lat' dir='ltr'><strong>etiam</strong></span> <span class='ocrx_word' id='word_1_64' title='bbox 357 833 460 898; x_wconf 85' lang='lat' dir='ltr'><strong>prope</strong></span> <span class='ocrx_word' id='word_1_65' title='bbox 485 834 546 899; x_wconf 88' lang='lat' dir='ltr'><strong>par</strong></span> <span class='ocrx_word' id='word_1_66' title='bbox 576 815 739 898; x_wconf 86' lang='lat' dir='ltr'><strong>utrimque</strong></span> <span class='ocrx_word' id='word_1_67' title='bbox 775 814 844 894; x_wconf 87' lang='lat' dir='ltr'><strong>fuit,</strong></span> <span class='ocrx_word' id='word_1_68' title='bbox 874 813 1017 899; x_wconf 86' lang='lat' dir='ltr'><strong>fugaque</strong></span> <span class='ocrx_word' id='word_1_69' title='bbox 1049 823 1081 878; x_wconf 90' lang='lat' dir='ltr'><strong>et</strong></span> <span class='ocrx_word' id='word_1_70' title='bbox 1116 837 1220 900; x_wconf 90' lang='lat' dir='ltr'><strong>pavor</strong></span> 
     </span>
    </p>
   </div>
   <div class='ocr_carea' id='block_1_3' title="bbox 60 896 1267 3822">
    <p class='ocr_par' dir='ltr' id='par_1_3' title="bbox 80 896 1217 965">
     <span class='ocr_line' id='line_1_9' title="bbox 80 896 1217 965; baseline -0.001 -5"><span class='ocrx_word' id='word_1_71' title='bbox 80 896 302 962; x_wconf 80' lang='lat' dir='ltr'><strong>Numidarum</strong></span> <span class='ocrx_word' id='word_1_72' title='bbox 331 897 485 961; x_wconf 81' lang='lat' dir='ltr'><strong>Romanis</strong></span> <span class='ocrx_word' id='word_1_73' title='bbox 516 920 580 964; x_wconf 80' lang='lat' dir='ltr'><strong>lam</strong></span> <span class='ocrx_word' id='word_1_74' title='bbox 612 899 789 965; x_wconf 84' lang='lat' dir='ltr'><strong>admodum</strong></span> <span class='ocrx_word' id='word_1_75' title='bbox 810 899 904 964; x_wconf 84' lang='lat' dir='ltr'><strong>fessis</strong></span> <span class='ocrx_word' id='word_1_76' title='bbox 926 901 1095 964; x_wconf 87' lang='lat' dir='ltr'><strong>victoriam</strong></span> <span class='ocrx_word' id='word_1_77' title='bbox 1119 901 1217 963; x_wconf 88' lang='lat' dir='ltr'><strong>dedit.</strong></span> 
     </span>
    </p>

    <p class='ocr_par' dir='ltr' id='par_1_4' title="bbox 60 980 1267 2343">
     <span class='ocr_line' id='line_1_10' title="bbox 60 980 1219 1072; baseline 0.002 -26"><span class='ocrx_word' id='word_1_78' title='bbox 60 992 64 996; x_wconf 85' lang='lat'>&#39;</span> <span class='ocrx_word' id='word_1_79' title='bbox 82 983 228 1048; x_wconf 88' lang='lat' dir='ltr'><strong>victores</strong></span> <span class='ocrx_word' id='word_1_80' title='bbox 251 982 292 1045; x_wconf 91' lang='lat' dir='ltr'><strong>ad</strong></span> <span class='ocrx_word' id='word_1_81' title='bbox 317 993 447 1048; x_wconf 90' lang='lat' dir='ltr'><strong>centum</strong></span> <span class='ocrx_word' id='word_1_82' title='bbox 463 984 676 1069; x_wconf 84' lang='lat' dir='ltr'><strong>quadraginta</strong></span> <span class='ocrx_word' id='word_1_83' title='bbox 691 1007 753 1048; x_wconf 89' lang='lat' dir='ltr'><strong>nec</strong></span> <span class='ocrx_word' id='word_1_84' title='bbox 769 1007 880 1050; x_wconf 91' lang='lat' dir='ltr'><strong>omnes</strong></span> <span class='ocrx_word' id='word_1_85' title='bbox 897 985 1044 1069; x_wconf 88' lang='lat' dir='ltr'><strong>Romani,</strong></span> <span class='ocrx_word' id='word_1_86' title='bbox 1068 980 1128 1049; x_wconf 86' lang='lat' dir='ltr'><strong>sed</strong></span> <span class='ocrx_word' id='word_1_87' title='bbox 1142 1008 1219 1072; x_wconf 89' lang='lat' dir='ltr'><strong>pars</strong></span> 
     </span>
     <span class='ocr_line' id='line_1_11' title="bbox 84 1067 1261 1159; baseline 0.003 -25"><span class='ocrx_word' id='word_1_88' title='bbox 84 1067 267 1152; x_wconf 82' lang='lat' dir='ltr'><strong>Gallorum,</strong></span> <span class='ocrx_word' id='word_1_89' title='bbox 290 1068 367 1133; x_wconf 86' lang='lat' dir='ltr'><strong>victi</strong></span> <span class='ocrx_word' id='word_1_90' title='bbox 390 1092 442 1134; x_wconf 88' lang='lat' dir='ltr'><strong>am</strong></span> <span class='ocrx_word' id='word_1_91' title='bbox 466 1069 528 1135; x_wconf 92' lang='lat' dir='ltr'><strong>lius</strong></span> <span class='ocrx_word' id='word_1_92' title='bbox 560 1071 690 1136; x_wconf 92' lang='lat' dir='ltr'><strong>ducenti</strong></span> <span class='ocrx_word' id='word_1_93' title='bbox 719 1072 916 1138; x_wconf 88' lang='lat' dir='ltr'><strong>ceciderunt</strong></span> <span class='ocrx_word' id='word_1_94' title='bbox 939 1071 1003 1136; x_wconf 89' lang='lat' dir='ltr'><strong>hoc</strong></span> <span class='ocrx_word' id='word_1_95' title='bbox 1025 1072 1220 1159; x_wconf 90' lang='lat' dir='ltr'><strong>principium</strong></span> <span class='ocrx_word' id='word_1_96' title='bbox 1245 1091 1261 1138; x_wconf 84' lang='lat'>4</span> 
     </span>
     <span class='ocr_line' id='line_1_12' title="bbox 83 1094 1218 1245; baseline 0.003 -26"><span class='ocrx_word' id='word_1_97' title='bbox 83 1153 181 1220; x_wconf 88' lang='lat' dir='ltr'><strong>simul</strong></span> <span class='ocrx_word' id='word_1_98' title='bbox 205 1177 367 1241; x_wconf 92' lang='lat' dir='ltr'><strong>omenque</strong></span> <span class='ocrx_word' id='word_1_99' title='bbox 389 1094 467 1219; x_wconf 89' lang='lat' dir='ltr'><strong>belli</strong></span> <span class='ocrx_word' id='word_1_100' title='bbox 489 1165 526 1221; x_wconf 90' lang='lat' dir='ltr'><strong>ut</strong></span> <span class='ocrx_word' id='word_1_101' title='bbox 547 1179 692 1221; x_wconf 90' lang='lat' dir='ltr'><strong>summae</strong></span> <span class='ocrx_word' id='word_1_102' title='bbox 715 1180 825 1222; x_wconf 91' lang='lat' dir='ltr'><strong>rerum</strong></span> <span class='ocrx_word' id='word_1_103' title='bbox 846 1180 1041 1245; x_wconf 89' lang='lat' dir='ltr'><strong>prosperum</strong></span> <span class='ocrx_word' id='word_1_104' title='bbox 1057 1167 1218 1237; x_wconf 88' lang='lat' dir='ltr'><strong>eventum,</strong></span> 
     </span>
     <span class='ocr_line' id='line_1_13' title="bbox 82 1241 1220 1330; baseline 0.003 -25"><span class='ocrx_word' id='word_1_105' title='bbox 82 1243 129 1306; x_wconf 88' lang='lat' dir='ltr'><strong>ita</strong></span> <span class='ocrx_word' id='word_1_106' title='bbox 161 1241 252 1306; x_wconf 90' lang='lat' dir='ltr'><strong>haud</strong></span> <span class='ocrx_word' id='word_1_107' title='bbox 275 1242 576 1330; x_wconf 87' lang='lat' dir='ltr'><strong>saneincruentam</strong></span> <span class='ocrx_word' id='word_1_108' title='bbox 608 1244 821 1330; x_wconf 74' lang='lat' dir='ltr'><strong>ancipitisque</strong></span> <span class='ocrx_word' id='word_1_109' title='bbox 845 1245 1030 1308; x_wconf 80' lang='lat' dir='ltr'><strong>certaminis</strong></span> <span class='ocrx_word' id='word_1_110' title='bbox 1052 1245 1220 1309; x_wconf 82' lang='lat' dir='ltr'><strong>victoriam</strong></span> 
     </span>
     <span class='ocr_line' id='line_1_14' title="bbox 83 1326 1221 1414; baseline 0 -23"><span class='ocrx_word' id='word_1_111' title='bbox 83 1326 241 1392; x_wconf 89' lang='lat' dir='ltr'><strong>Romanis</strong></span> <span class='ocrx_word' id='word_1_112' title='bbox 263 1327 437 1413; x_wconf 86' lang='lat' dir='ltr'><strong>portendit.</strong></span> <span class='ocrx_word' id='word_1_113' title='bbox 469 1337 507 1393; x_wconf 94' lang='lat' dir='ltr'><strong>ut</strong></span> <span class='ocrx_word' id='word_1_114' title='bbox 527 1350 563 1391; x_wconf 90' lang='lat' dir='ltr'><strong>re</strong></span> <span class='ocrx_word' id='word_1_115' title='bbox 586 1328 632 1391; x_wconf 91' lang='lat' dir='ltr'><strong>ita</strong></span> <span class='ocrx_word' id='word_1_116' title='bbox 654 1339 746 1411; x_wconf 87' lang='lat' dir='ltr'><strong>gesta</strong></span> <span class='ocrx_word' id='word_1_117' title='bbox 768 1330 809 1392; x_wconf 91' lang='lat' dir='ltr'><strong>ad</strong></span> <span class='ocrx_word' id='word_1_118' title='bbox 832 1340 1007 1414; x_wconf 90' lang='lat' dir='ltr'><strong>utrumque</strong></span> <span class='ocrx_word' id='word_1_119' title='bbox 1031 1330 1148 1394; x_wconf 89' lang='lat' dir='ltr'><strong>ducem</strong></span> <span class='ocrx_word' id='word_1_120' title='bbox 1170 1331 1221 1394; x_wconf 92' lang='lat' dir='ltr'><strong>sui</strong></span> 
     </span>
     <span class='ocr_line' id='line_1_15' title="bbox 82 1412 1262 1501; baseline 0.005 -24"><span class='ocrx_word' id='word_1_121' title='bbox 82 1413 264 1492; x_wconf 87' lang='lat' dir='ltr'><strong>redierunt,</strong></span> <span class='ocrx_word' id='word_1_122' title='bbox 298 1430 360 1478; x_wconf 87' lang='lat' dir='ltr'><strong>nec</strong></span> <span class='ocrx_word' id='word_1_123' title='bbox 391 1412 534 1501; x_wconf 79' lang='lat' dir='ltr'><strong>Scipioni</strong></span> <span class='ocrx_word' id='word_1_124' title='bbox 566 1423 651 1479; x_wconf 89' lang='lat' dir='ltr'><strong>stare</strong></span> <span class='ocrx_word' id='word_1_125' title='bbox 683 1417 840 1480; x_wconf 91' lang='lat' dir='ltr'><strong>sententia</strong></span> <span class='ocrx_word' id='word_1_126' title='bbox 869 1425 1008 1500; x_wconf 89' lang='lat' dir='ltr'><strong>poterat,</strong></span> <span class='ocrx_word' id='word_1_127' title='bbox 1036 1417 1098 1479; x_wconf 92' lang='lat' dir='ltr'><strong>nisi</strong></span> <span class='ocrx_word' id='word_1_128' title='bbox 1120 1424 1157 1480; x_wconf 93' lang='lat' dir='ltr'><strong>ut</strong></span> <span class='ocrx_word' id='word_1_129' title='bbox 1179 1436 1262 1483; x_wconf 78' lang='lat' dir='ltr'><strong>exo</strong></span> 
     </span>
     <span class='ocr_line' id='line_1_16' title="bbox 84 1498 1220 1588; baseline -0.002 -24"><span class='ocrx_word' id='word_1_130' title='bbox 84 1498 231 1574; x_wconf 89' lang='lat' dir='ltr'><strong>consiliis</strong></span> <span class='ocrx_word' id='word_1_131' title='bbox 254 1501 442 1586; x_wconf 82' lang='lat' dir='ltr'><strong>coeptisque</strong></span> <span class='ocrx_word' id='word_1_132' title='bbox 464 1500 566 1565; x_wconf 89' lang='lat' dir='ltr'><strong>hostis</strong></span> <span class='ocrx_word' id='word_1_133' title='bbox 590 1509 622 1565; x_wconf 90' lang='lat' dir='ltr'><strong>et</strong></span> <span class='ocrx_word' id='word_1_134' title='bbox 644 1502 866 1584; x_wconf 89' lang='lat' dir='ltr'><strong>ipseoonatus</strong></span> <span class='ocrx_word' id='word_1_135' title='bbox 883 1513 1026 1588; x_wconf 91' lang='lat' dir='ltr'><strong>caperet,</strong></span> <span class='ocrx_word' id='word_1_136' title='bbox 1050 1511 1083 1567; x_wconf 93' lang='lat' dir='ltr'><strong>et</strong></span> <span class='ocrx_word' id='word_1_137' title='bbox 1097 1501 1220 1564; x_wconf 90' lang='lat' dir='ltr'><strong>Hanni-</strong></span> 
     </span>
     <span class='ocr_line' id='line_1_17' title="bbox 83 1584 1261 1673; baseline -0.001 -23"><span class='ocrx_word' id='word_1_138' title='bbox 83 1584 195 1651; x_wconf 87' lang='lat' dir='ltr'><strong>balem</strong></span> <span class='ocrx_word' id='word_1_139' title='bbox 228 1586 395 1668; x_wconf 87' lang='lat' dir='ltr'><strong>incertum,</strong></span> <span class='ocrx_word' id='word_1_140' title='bbox 427 1596 536 1651; x_wconf 90' lang='lat' dir='ltr'><strong>utrum</strong></span> <span class='ocrx_word' id='word_1_141' title='bbox 567 1596 719 1673; x_wconf 91' lang='lat' dir='ltr'><strong>coeptum</strong></span> <span class='ocrx_word' id='word_1_142' title='bbox 741 1589 773 1650; x_wconf 92' lang='lat' dir='ltr'><strong>in</strong></span> <span class='ocrx_word' id='word_1_143' title='bbox 795 1587 923 1652; x_wconf 88' lang='lat' dir='ltr'><strong>Italiam</strong></span> <span class='ocrx_word' id='word_1_144' title='bbox 945 1589 1129 1652; x_wconf 86' lang='lat' dir='ltr'><strong>intenderet</strong></span> <span class='ocrx_word' id='word_1_145' title='bbox 1150 1589 1219 1667; x_wconf 88' lang='lat' dir='ltr'><strong>iter,</strong></span> <span class='ocrx_word' id='word_1_146' title='bbox 1247 1610 1261 1657; x_wconf 80' lang='lat'>6</span> 
     </span>
     <span class='ocr_line' id='line_1_18' title="bbox 84 1672 1223 1758; baseline 0.001 -22"><span class='ocrx_word' id='word_1_147' title='bbox 84 1693 127 1736; x_wconf 89' lang='lat' dir='ltr'><strong>an</strong></span> <span class='ocrx_word' id='word_1_148' title='bbox 161 1694 236 1736; x_wconf 92' lang='lat' dir='ltr'><strong>cum</strong></span> <span class='ocrx_word' id='word_1_149' title='bbox 268 1693 317 1754; x_wconf 94' lang='lat' dir='ltr'><strong>eo,</strong></span> <span class='ocrx_word' id='word_1_150' title='bbox 350 1672 405 1758; x_wconf 93' lang='lat' dir='ltr'><strong>qui</strong></span> <span class='ocrx_word' id='word_1_151' title='bbox 438 1673 563 1757; x_wconf 92' lang='lat' dir='ltr'><strong>primus</strong></span> <span class='ocrx_word' id='word_1_152' title='bbox 595 1695 630 1736; x_wconf 93' lang='lat' dir='ltr'><strong>se</strong></span> <span class='ocrx_word' id='word_1_153' title='bbox 661 1673 832 1738; x_wconf 89' lang='lat' dir='ltr'><strong>obtulisset</strong></span> <span class='ocrx_word' id='word_1_154' title='bbox 858 1673 1023 1739; x_wconf 88' lang='lat' dir='ltr'><strong>Romanus</strong></span> <span class='ocrx_word' id='word_1_155' title='bbox 1047 1674 1223 1754; x_wconf 83' lang='lat' dir='ltr'><strong>exercitus,</strong></span> 
     </span>
     <span class='ocr_line' id='line_1_19' title="bbox 83 1759 1221 1846; baseline 0 -23"><span class='ocrx_word' id='word_1_156' title='bbox 83 1779 201 1823; x_wconf 89' lang='lat' dir='ltr'><strong>manus</strong></span> <span class='ocrx_word' id='word_1_157' title='bbox 234 1767 429 1837; x_wconf 83' lang='lat' dir='ltr'><strong>consereret,</strong></span> <span class='ocrx_word' id='word_1_158' title='bbox 460 1759 580 1822; x_wconf 86' lang='lat' dir='ltr'><strong>avertit</strong></span> <span class='ocrx_word' id='word_1_159' title='bbox 612 1780 632 1822; x_wconf 89' lang='lat' dir='ltr'><strong>a</strong></span> <span class='ocrx_word' id='word_1_160' title='bbox 661 1761 825 1846; x_wconf 88' lang='lat' dir='ltr'><strong>praesenti</strong></span> <span class='ocrx_word' id='word_1_161' title='bbox 856 1761 1033 1823; x_wconf 89' lang='lat' dir='ltr'><strong>certamine</strong></span> <span class='ocrx_word' id='word_1_162' title='bbox 1064 1760 1221 1824; x_wconf 91' lang='lat' dir='ltr'><strong>Boiorum</strong></span> 
     </span>
     <span class='ocr_line' id='line_1_20' title="bbox 84 1842 1221 1931; baseline 0.001 -23"><span class='ocrx_word' id='word_1_163' title='bbox 84 1842 269 1929; x_wconf 87' lang='lat' dir='ltr'><strong>legatorum</strong></span> <span class='ocrx_word' id='word_1_164' title='bbox 290 1843 461 1930; x_wconf 89' lang='lat' dir='ltr'><strong>regulique</strong></span> <span class='ocrx_word' id='word_1_165' title='bbox 475 1843 598 1928; x_wconf 84' lang='lat' dir='ltr'><strong>Magali</strong></span> <span class='ocrx_word' id='word_1_166' title='bbox 619 1845 787 1927; x_wconf 89' lang='lat' dir='ltr'><strong>adventus,</strong></span> <span class='ocrx_word' id='word_1_167' title='bbox 808 1847 872 1931; x_wconf 86' lang='lat' dir='ltr'><strong>qui</strong></span> <span class='ocrx_word' id='word_1_168' title='bbox 886 1868 922 1909; x_wconf 87' lang='lat' dir='ltr'><strong>se</strong></span> <span class='ocrx_word' id='word_1_169' title='bbox 945 1846 1044 1910; x_wconf 89' lang='lat' dir='ltr'><strong>duces</strong></span> <span class='ocrx_word' id='word_1_170' title='bbox 1060 1846 1221 1927; x_wconf 91' lang='lat' dir='ltr'><strong>itinerum,</strong></span> 
     </span>
     <span class='ocr_line' id='line_1_21' title="bbox 85 1929 1221 2018; baseline 0.001 -25"><span class='ocrx_word' id='word_1_171' title='bbox 85 1930 194 1996; x_wconf 88' lang='lat' dir='ltr'><strong>socios</strong></span> <span class='ocrx_word' id='word_1_172' title='bbox 214 1930 353 2017; x_wconf 90' lang='lat' dir='ltr'><strong>periculi</strong></span> <span class='ocrx_word' id='word_1_173' title='bbox 375 1929 446 1995; x_wconf 85' lang='lat' dir='ltr'><strong>fore</strong></span> <span class='ocrx_word' id='word_1_174' title='bbox 469 1930 677 1996; x_wconf 86' lang='lat' dir='ltr'><strong>adfirmantes</strong></span> <span class='ocrx_word' id='word_1_175' title='bbox 706 1933 831 2015; x_wconf 90' lang='lat' dir='ltr'><strong>integro</strong></span> <span class='ocrx_word' id='word_1_176' title='bbox 854 1931 940 1996; x_wconf 91' lang='lat' dir='ltr'><strong>bello</strong></span> <span class='ocrx_word' id='word_1_177' title='bbox 954 1952 1124 2018; x_wconf 82' lang='lat' dir='ltr'><strong>,nusquam</strong></span> <span class='ocrx_word' id='word_1_178' title='bbox 1147 1940 1221 1994; x_wconf 89' lang='lat' dir='ltr'><strong>ante</strong></span> 
     </span>
     <span class='ocr_line' id='line_1_22' title="bbox 84 2014 1220 2098; baseline 0.001 -19"><span class='ocrx_word' id='word_1_179' title='bbox 84 2015 194 2082; x_wconf 91' lang='lat' dir='ltr'><strong>libatis</strong></span> <span class='ocrx_word' id='word_1_180' title='bbox 216 2015 342 2080; x_wconf 87' lang='lat' dir='ltr'><strong>viribus</strong></span> <span class='ocrx_word' id='word_1_181' title='bbox 357 2014 484 2080; x_wconf 89' lang='lat' dir='ltr'><strong>Italiam</strong></span> <span class='ocrx_word' id='word_1_182' title='bbox 502 2016 759 2098; x_wconf 81' lang='lat' dir='ltr'><strong>adgrediendam</strong></span> <span class='ocrx_word' id='word_1_183' title='bbox 776 2027 918 2082; x_wconf 90' lang='lat' dir='ltr'><strong>censent.</strong></span> <span class='ocrx_word' id='word_1_184' title='bbox 941 2017 1113 2082; x_wconf 90' lang='lat' dir='ltr'><strong>multitudo</strong></span> <span class='ocrx_word' id='word_1_185' title='bbox 1128 2018 1220 2081; x_wconf 91' lang='lat' dir='ltr'><strong>time·</strong></span> 
     </span>
     <span class='ocr_line' id='line_1_23' title="bbox 83 2100 1221 2189; baseline -0.001 -24"><span class='ocrx_word' id='word_1_186' title='bbox 83 2100 144 2166; x_wconf 90' lang='lat' dir='ltr'><strong>bat</strong></span> <span class='ocrx_word' id='word_1_187' title='bbox 174 2101 309 2189; x_wconf 91' lang='lat' dir='ltr'><strong>quidem</strong></span> <span class='ocrx_word' id='word_1_188' title='bbox 334 2100 461 2168; x_wconf 88' lang='lat' dir='ltr'><strong>hostem</strong></span> <span class='ocrx_word' id='word_1_189' title='bbox 490 2102 636 2167; x_wconf 91' lang='lat' dir='ltr'><strong>nondum</strong></span> <span class='ocrx_word' id='word_1_190' title='bbox 659 2102 842 2168; x_wconf 89' lang='lat' dir='ltr'><strong>oblitterata</strong></span> <span class='ocrx_word' id='word_1_191' title='bbox 865 2104 1022 2168; x_wconf 88' lang='lat' dir='ltr'><strong>memoria</strong></span> <span class='ocrx_word' id='word_1_192' title='bbox 1044 2103 1221 2189; x_wconf 90' lang='lat' dir='ltr'><strong>superioris</strong></span> 
     </span>
     <span class='ocr_line' id='line_1_24' title="bbox 83 2186 1262 2276; baseline -0.001 -25"><span class='ocrx_word' id='word_1_193' title='bbox 83 2186 174 2269; x_wconf 92' lang='lat' dir='ltr'><strong>belli,</strong></span> <span class='ocrx_word' id='word_1_194' title='bbox 198 2186 258 2252; x_wconf 91' lang='lat' dir='ltr'><strong>sed</strong></span> <span class='ocrx_word' id='word_1_195' title='bbox 280 2187 383 2272; x_wconf 89' lang='lat' dir='ltr'><strong>magis</strong></span> <span class='ocrx_word' id='word_1_196' title='bbox 404 2189 466 2253; x_wconf 91' lang='lat' dir='ltr'><strong>iter</strong></span> <span class='ocrx_word' id='word_1_197' title='bbox 487 2189 681 2253; x_wconf 90' lang='lat' dir='ltr'><strong>immensum</strong></span> <span class='ocrx_word' id='word_1_198' title='bbox 703 2188 883 2276; x_wconf 88' lang='lat' dir='ltr'><strong>Alpesque,</strong></span> <span class='ocrx_word' id='word_1_199' title='bbox 906 2212 976 2254; x_wconf 91' lang='lat' dir='ltr'><strong>rem</strong></span> <span class='ocrx_word' id='word_1_200' title='bbox 998 2189 1086 2253; x_wconf 89' lang='lat' dir='ltr'><strong>fama</strong></span> <span class='ocrx_word' id='word_1_201' title='bbox 1107 2191 1221 2274; x_wconf 89' lang='lat' dir='ltr'><strong>utique</strong></span> <span class='ocrx_word' id='word_1_202' title='bbox 1247 2196 1262 2244; x_wconf 79' lang='lat'><strong>7</strong></span> 
     </span>
     <span class='ocr_line' id='line_1_25' title="bbox 85 2272 1267 2343; baseline 0.003 -8"><span class='ocrx_word' id='word_1_203' title='bbox 85 2274 140 2339; x_wconf 92' lang='lat' dir='ltr'><strong>ine</strong></span> <span class='ocrx_word' id='word_1_204' title='bbox 189 2275 266 2338; x_wconf 87' lang='lat' dir='ltr'><strong>ertia</strong></span> <span class='ocrx_word' id='word_1_205' title='bbox 289 2272 495 2343; x_wconf 83' lang='lat' dir='ltr'><strong>horrendam.</strong></span> <span class='ocrx_word' id='word_1_206' title='bbox 518 2275 696 2338; x_wconf 90' lang='lat' dir='ltr'><strong>metuebat.</strong></span> <span class='ocrx_word' id='word_1_207' title='bbox 1243 2301 1267 2338; x_wconf 75' lang='grc' dir='ltr'><strong><em>ς</em></strong></span> 
     </span>
    </p>

    <p class='ocr_par' dir='ltr' id='par_1_5' title="bbox 79 2359 1261 3822">
     <span class='ocr_line' id='line_1_26' title="bbox 276 2359 1260 2447; baseline 0 -29"><span class='ocrx_word' id='word_1_208' title='bbox 276 2404 283 2418; x_wconf 92' lang='grc'><strong>.</strong></span> <span class='ocrx_word' id='word_1_209' title='bbox 315 2359 432 2445; x_wconf 87' lang='lat' dir='ltr'><strong>Itaque</strong></span> <span class='ocrx_word' id='word_1_210' title='bbox 462 2359 637 2440; x_wconf 88' lang='lat' dir='ltr'><strong>Hannibal,</strong></span> <span class='ocrx_word' id='word_1_211' title='bbox 664 2369 837 2447; x_wconf 90' lang='lat' dir='ltr'><strong>postquam</strong></span> <span class='ocrx_word' id='word_1_212' title='bbox 868 2361 931 2446; x_wconf 91' lang='lat' dir='ltr'><strong>ipsi</strong></span> <span class='ocrx_word' id='word_1_213' title='bbox 953 2362 1109 2423; x_wconf 88' lang='lat' dir='ltr'><strong>sententia</strong></span> <span class='ocrx_word' id='word_1_214' title='bbox 1133 2361 1221 2424; x_wconf 90' lang='lat' dir='ltr'><strong>stetit</strong></span> <span class='ocrx_word' id='word_1_215' title='bbox 1246 2371 1260 2418; x_wconf 88' lang='lat'>1</span> 
     </span>
     <span class='ocr_line' id='line_1_27' title="bbox 84 2445 1219 2535; baseline -0.002 -25"><span class='ocrx_word' id='word_1_216' title='bbox 84 2467 227 2535; x_wconf 83' lang='lat' dir='ltr'><strong>pergere</strong></span> <span class='ocrx_word' id='word_1_217' title='bbox 257 2447 306 2510; x_wconf 84' lang='lat' dir='ltr'><strong>ire</strong></span> <span class='ocrx_word' id='word_1_218' title='bbox 337 2455 435 2530; x_wconf 86' lang='lat' dir='ltr'><strong>atque</strong></span> <span class='ocrx_word' id='word_1_219' title='bbox 463 2445 590 2511; x_wconf 88' lang='lat' dir='ltr'><strong>Italiam</strong></span> <span class='ocrx_word' id='word_1_220' title='bbox 620 2457 742 2533; x_wconf 90' lang='lat' dir='ltr'><strong>petere,</strong></span> <span class='ocrx_word' id='word_1_221' title='bbox 774 2447 935 2510; x_wconf 89' lang='lat' dir='ltr'><strong>advocata</strong></span> <span class='ocrx_word' id='word_1_222' title='bbox 957 2446 1107 2509; x_wconf 93' lang='lat' dir='ltr'><strong>contione</strong></span> <span class='ocrx_word' id='word_1_223' title='bbox 1129 2447 1219 2510; x_wconf 89' lang='lat' dir='ltr'><strong>varie</strong></span> 
     </span>
     <span class='ocr_line' id='line_1_28' title="bbox 83 2531 1261 2615; baseline -0.006 -17"><span class='ocrx_word' id='word_1_224' title='bbox 83 2531 225 2598; x_wconf 89' lang='lat' dir='ltr'><strong>militum</strong></span> <span class='ocrx_word' id='word_1_225' title='bbox 246 2539 357 2596; x_wconf 87' lang='lat' dir='ltr'><strong>versat</strong></span> <span class='ocrx_word' id='word_1_226' title='bbox 379 2533 502 2596; x_wconf 92' lang='lat' dir='ltr'><strong>animos</strong></span> <span class='ocrx_word' id='word_1_227' title='bbox 523 2532 709 2614; x_wconf 88' lang='lat' dir='ltr'><strong>castigando</strong></span> <span class='ocrx_word' id='word_1_228' title='bbox 732 2532 1018 2615; x_wconf 85' lang='lat' dir='ltr'><strong>adhortandoque:</strong></span> <span class='ocrx_word' id='word_1_229' title='bbox 1041 2531 1152 2594; x_wconf 91' lang='lat' dir='ltr'><strong>mirari</strong></span> <span class='ocrx_word' id='word_1_230' title='bbox 1174 2553 1219 2612; x_wconf 91' lang='lat' dir='ltr'><strong>se,</strong></span> <span class='ocrx_word' id='word_1_231' title='bbox 1246 2544 1261 2591; x_wconf 80' lang='lat'>2</span> 
     </span>
     <span class='ocr_line' id='line_1_29' title="bbox 83 2618 1220 2705; baseline -0.004 -21"><span class='ocrx_word' id='word_1_232' title='bbox 83 2619 220 2705; x_wconf 87' lang='lat' dir='ltr'><strong>quinam</strong></span> <span class='ocrx_word' id='word_1_233' title='bbox 242 2626 378 2703; x_wconf 90' lang='lat' dir='ltr'><strong>pectora</strong></span> <span class='ocrx_word' id='word_1_234' title='bbox 400 2639 529 2704; x_wconf 89' lang='lat' dir='ltr'><strong>semper</strong></span> <span class='ocrx_word' id='word_1_235' title='bbox 543 2618 699 2702; x_wconf 86' lang='lat' dir='ltr'><strong>inpavida</strong></span> <span class='ocrx_word' id='word_1_236' title='bbox 717 2639 836 2704; x_wconf 93' lang='lat' dir='ltr'><strong>repens</strong></span> <span class='ocrx_word' id='word_1_237' title='bbox 851 2626 957 2682; x_wconf 90' lang='lat' dir='ltr'><strong>terror</strong></span> <span class='ocrx_word' id='word_1_238' title='bbox 971 2618 1136 2680; x_wconf 82' lang='lat' dir='ltr'><strong>invaserit.</strong></span> <span class='ocrx_word' id='word_1_239' title='bbox 1159 2638 1220 2700; x_wconf 90' lang='lat' dir='ltr'><strong>per</strong></span> 
     </span>
     <span class='ocr_line' id='line_1_30' title="bbox 82 2702 1220 2789; baseline -0.004 -19"><span class='ocrx_word' id='word_1_240' title='bbox 82 2714 133 2770; x_wconf 86' lang='lat' dir='ltr'><strong>tot</strong></span> <span class='ocrx_word' id='word_1_241' title='bbox 162 2726 265 2769; x_wconf 91' lang='lat' dir='ltr'><strong>annos</strong></span> <span class='ocrx_word' id='word_1_242' title='bbox 295 2704 463 2769; x_wconf 86' lang='lat' dir='ltr'><strong>vincentes</strong></span> <span class='ocrx_word' id='word_1_243' title='bbox 495 2726 550 2769; x_wconf 92' lang='lat' dir='ltr'><strong>eos</strong></span> <span class='ocrx_word' id='word_1_244' title='bbox 584 2704 747 2789; x_wconf 88' lang='lat' dir='ltr'><strong>stipendia</strong></span> <span class='ocrx_word' id='word_1_245' title='bbox 784 2703 893 2767; x_wconf 87' lang='lat' dir='ltr'><strong>facere</strong></span> <span class='ocrx_word' id='word_1_246' title='bbox 914 2724 1023 2788; x_wconf 89' lang='lat' dir='ltr'><strong>neque</strong></span> <span class='ocrx_word' id='word_1_247' title='bbox 1054 2713 1130 2767; x_wconf 90' lang='lat' dir='ltr'><strong>ante</strong></span> <span class='ocrx_word' id='word_1_248' title='bbox 1161 2702 1220 2766; x_wconf 89' lang='lat' dir='ltr'><strong>Hi·</strong></span> 
     </span>
     <span class='ocr_line' id='line_1_31' title="bbox 83 2789 1220 2892; baseline -0.001 -37"><span class='ocrx_word' id='word_1_249' title='bbox 83 2791 201 2892; x_wconf 89' lang='lat' dir='ltr'><strong>spania</strong></span> <span class='ocrx_word' id='word_1_250' title='bbox 215 2789 405 2868; x_wconf 86' lang='lat' dir='ltr'><strong>excessisse,</strong></span> <span class='ocrx_word' id='word_1_251' title='bbox 422 2811 520 2874; x_wconf 89' lang='lat' dir='ltr'><strong>quam</strong></span> <span class='ocrx_word' id='word_1_252' title='bbox 536 2811 647 2854; x_wconf 92' lang='lat' dir='ltr'><strong>omnes</strong></span> <span class='ocrx_word' id='word_1_253' title='bbox 667 2799 846 2874; x_wconf 86' lang='lat' dir='ltr'><strong>gentesque</strong></span> <span class='ocrx_word' id='word_1_254' title='bbox 862 2797 895 2854; x_wconf 93' lang='lat' dir='ltr'><strong>et</strong></span> <span class='ocrx_word' id='word_1_255' title='bbox 908 2798 1026 2871; x_wconf 89' lang='lat' dir='ltr'><strong>terrae,</strong></span> <span class='ocrx_word' id='word_1_256' title='bbox 1051 2811 1132 2874; x_wconf 89' lang='lat' dir='ltr'><strong>quas</strong></span> <span class='ocrx_word' id='word_1_257' title='bbox 1155 2790 1220 2854; x_wconf 91' lang='lat' dir='ltr'><strong>duo</strong></span> 
     </span>
     <span class='ocr_line' id='line_1_32' title="bbox 84 2873 1261 2962; baseline -0.003 -22"><span class='ocrx_word' id='word_1_258' title='bbox 84 2876 218 2942; x_wconf 82' lang='lat' dir='ltr'><strong>diversa</strong></span> <span class='ocrx_word' id='word_1_259' title='bbox 238 2875 342 2940; x_wconf 92' lang='lat' dir='ltr'><strong>maria</strong></span> <span class='ocrx_word' id='word_1_260' title='bbox 364 2874 611 2962; x_wconf 87' lang='lat' dir='ltr'><strong>amplectantur,</strong></span> <span class='ocrx_word' id='word_1_261' title='bbox 644 2873 959 2959; x_wconf 81' lang='lat' dir='ltr'><strong>Carthaginiensium</strong></span> <span class='ocrx_word' id='word_1_262' title='bbox 976 2885 1093 2939; x_wconf 87' lang='lat' dir='ltr'><strong>essent.</strong></span> <span class='ocrx_word' id='word_1_263' title='bbox 1116 2876 1220 2956; x_wconf 91' lang='lat' dir='ltr'><strong>indig·</strong></span> <span class='ocrx_word' id='word_1_264' title='bbox 1245 2889 1261 2936; x_wconf 80' lang='lat' dir='ltr'><strong>a</strong></span> 
     </span>
     <span class='ocr_line' id='line_1_33' title="bbox 81 2960 1222 3047; baseline 0 -21"><span class='ocrx_word' id='word_1_265' title='bbox 81 2972 177 3028; x_wconf 92' lang='lat' dir='ltr'><strong>natos</strong></span> <span class='ocrx_word' id='word_1_266' title='bbox 199 2960 328 3042; x_wconf 87' lang='lat' dir='ltr'><strong>deinde,</strong></span> <span class='ocrx_word' id='word_1_267' title='bbox 352 2962 450 3047; x_wconf 89' lang='lat' dir='ltr'><strong>quod,</strong></span> <span class='ocrx_word' id='word_1_268' title='bbox 475 2964 670 3047; x_wconf 88' lang='lat' dir='ltr'><strong>quicumque</strong></span> <span class='ocrx_word' id='word_1_269' title='bbox 692 2961 872 3045; x_wconf 84' lang='lat' dir='ltr'><strong>Saguntum</strong></span> <span class='ocrx_word' id='word_1_270' title='bbox 896 2960 1110 3043; x_wconf 89' lang='lat' dir='ltr'><strong>obsedissent,</strong></span> <span class='ocrx_word' id='word_1_271' title='bbox 1131 2962 1222 3026; x_wconf 89' lang='lat' dir='ltr'><strong>velut</strong></span> 
     </span>
     <span class='ocr_line' id='line_1_34' title="bbox 84 3046 1220 3132; baseline -0.004 -17"><span class='ocrx_word' id='word_1_272' title='bbox 84 3048 128 3115; x_wconf 91' lang='lat' dir='ltr'><strong>ob</strong></span> <span class='ocrx_word' id='word_1_273' title='bbox 150 3069 274 3114; x_wconf 86' lang='lat' dir='ltr'><strong>noxam</strong></span> <span class='ocrx_word' id='word_1_274' title='bbox 305 3046 367 3112; x_wconf 89' lang='lat' dir='ltr'><strong>sibi</strong></span> <span class='ocrx_word' id='word_1_275' title='bbox 397 3047 473 3112; x_wconf 89' lang='lat' dir='ltr'><strong>dedi</strong></span> <span class='ocrx_word' id='word_1_276' title='bbox 494 3047 676 3132; x_wconf 89' lang='lat' dir='ltr'><strong>postularet</strong></span> <span class='ocrx_word' id='word_1_277' title='bbox 698 3047 836 3132; x_wconf 91' lang='lat' dir='ltr'><strong>populus</strong></span> <span class='ocrx_word' id='word_1_278' title='bbox 860 3048 1034 3130; x_wconf 89' lang='lat' dir='ltr'><strong>Romanus,</strong></span> <span class='ocrx_word' id='word_1_279' title='bbox 1058 3047 1220 3110; x_wconf 90' lang='lat' dir='ltr'><strong>Hiberum</strong></span> 
     </span>
     <span class='ocr_line' id='line_1_35' title="bbox 81 3132 1219 3217; baseline -0.003 -17"><span class='ocrx_word' id='word_1_280' title='bbox 81 3135 252 3200; x_wconf 85' lang='lat' dir='ltr'><strong>traiecisse</strong></span> <span class='ocrx_word' id='word_1_281' title='bbox 285 3133 328 3197; x_wconf 86' lang='lat' dir='ltr'><strong>ad</strong></span> <span class='ocrx_word' id='word_1_282' title='bbox 361 3132 535 3198; x_wconf 89' lang='lat' dir='ltr'><strong>delendum</strong></span> <span class='ocrx_word' id='word_1_283' title='bbox 566 3156 684 3198; x_wconf 90' lang='lat' dir='ltr'><strong>nomen</strong></span> <span class='ocrx_word' id='word_1_284' title='bbox 707 3134 927 3198; x_wconf 87' lang='lat' dir='ltr'><strong>Romanorum</strong></span> <span class='ocrx_word' id='word_1_285' title='bbox 949 3133 1219 3217; x_wconf 90' lang='lat' dir='ltr'><strong>liberandumque</strong></span> 
     </span>
     <span class='ocr_line' id='line_1_36' title="bbox 82 3217 1261 3301; baseline -0.009 -14"><span class='ocrx_word' id='word_1_286' title='bbox 82 3221 200 3288; x_wconf 87' lang='lat' dir='ltr'><strong>orbem</strong></span> <span class='ocrx_word' id='word_1_287' title='bbox 229 3227 399 3284; x_wconf 89' lang='lat' dir='ltr'><strong>terrarum.</strong></span> <span class='ocrx_word' id='word_1_288' title='bbox 433 3228 503 3284; x_wconf 91' lang='lat' dir='ltr'><strong>tum</strong></span> <span class='ocrx_word' id='word_1_289' title='bbox 539 3220 660 3284; x_wconf 90' lang='lat' dir='ltr'><strong>nemini</strong></span> <span class='ocrx_word' id='word_1_290' title='bbox 692 3221 798 3284; x_wconf 89' lang='lat' dir='ltr'><strong>visum</strong></span> <span class='ocrx_word' id='word_1_291' title='bbox 828 3219 861 3282; x_wconf 96' lang='lat' dir='ltr'><strong>id</strong></span> <span class='ocrx_word' id='word_1_292' title='bbox 896 3218 1038 3301; x_wconf 88' lang='lat' dir='ltr'><strong>longum,</strong></span> <span class='ocrx_word' id='word_1_293' title='bbox 1070 3240 1145 3282; x_wconf 88' lang='lat' dir='ltr'><strong>oum</strong></span> <span class='ocrx_word' id='word_1_294' title='bbox 1177 3217 1217 3282; x_wconf 90' lang='lat' dir='ltr'><strong>ab</strong></span> <span class='ocrx_word' id='word_1_295' title='bbox 1244 3229 1261 3276; x_wconf 87' lang='lat'>4</span> 
     </span>
     <span class='ocr_line' id='line_1_37' title="bbox 83 3303 1258 3389; baseline -0.009 -15"><span class='ocrx_word' id='word_1_296' title='bbox 83 3328 205 3374; x_wconf 82' lang='lat' dir='ltr'><strong>occasu</strong></span> <span class='ocrx_word' id='word_1_297' title='bbox 237 3303 314 3370; x_wconf 88' lang='lat' dir='ltr'><strong>solis</strong></span> <span class='ocrx_word' id='word_1_298' title='bbox 346 3304 388 3368; x_wconf 96' lang='lat' dir='ltr'><strong>ad</strong></span> <span class='ocrx_word' id='word_1_299' title='bbox 421 3313 554 3370; x_wconf 83' lang='lat' dir='ltr'><strong>exortus</strong></span> <span class='ocrx_word' id='word_1_300' title='bbox 587 3305 791 3371; x_wconf 87' lang='lat' dir='ltr'><strong>intenderent</strong></span> <span class='ocrx_word' id='word_1_301' title='bbox 821 3306 898 3386; x_wconf 86' lang='lat' dir='ltr'><strong>iter;</strong></span> <span class='ocrx_word' id='word_1_302' title='bbox 925 3327 1022 3385; x_wconf 92' lang='lat' dir='ltr'><strong>nunc,</strong></span> <span class='ocrx_word' id='word_1_303' title='bbox 1044 3311 1258 3389; x_wconf 76' lang='lat' dir='ltr'><strong>postquamn</strong></span> 
     </span>
     <span class='ocr_line' id='line_1_38' title="bbox 82 3389 1219 3476; baseline -0.004 -17"><span class='ocrx_word' id='word_1_304' title='bbox 82 3391 187 3459; x_wconf 88' lang='lat' dir='ltr'><strong>multo</strong></span> <span class='ocrx_word' id='word_1_305' title='bbox 210 3392 368 3457; x_wconf 91' lang='lat' dir='ltr'><strong>maiorem</strong></span> <span class='ocrx_word' id='word_1_306' title='bbox 382 3400 509 3476; x_wconf 92' lang='lat' dir='ltr'><strong>partem</strong></span> <span class='ocrx_word' id='word_1_307' title='bbox 524 3392 647 3455; x_wconf 92' lang='lat' dir='ltr'><strong>itineris</strong></span> <span class='ocrx_word' id='word_1_308' title='bbox 664 3413 829 3456; x_wconf 90' lang='lat' dir='ltr'><strong>emensam</strong></span> <span class='ocrx_word' id='word_1_309' title='bbox 846 3399 988 3472; x_wconf 88' lang='lat' dir='ltr'><strong>cernant,</strong></span> <span class='ocrx_word' id='word_1_310' title='bbox 1013 3389 1219 3472; x_wconf 86' lang='lat' dir='ltr'><strong>Pyrenaeum</strong></span> 
     </span>
     <span class='ocr_line' id='line_1_39' title="bbox 82 3475 1217 3562; baseline -0.007 -18"><span class='ocrx_word' id='word_1_311' title='bbox 82 3478 204 3545; x_wconf 74' lang='lat' dir='ltr'><strong>saltum</strong></span> <span class='ocrx_word' id='word_1_312' title='bbox 225 3479 310 3542; x_wconf 90' lang='lat' dir='ltr'><strong>inter</strong></span> <span class='ocrx_word' id='word_1_313' title='bbox 330 3476 547 3541; x_wconf 86' lang='lat' dir='ltr'><strong>ferocissimas</strong></span> <span class='ocrx_word' id='word_1_314' title='bbox 570 3486 685 3560; x_wconf 88' lang='lat' dir='ltr'><strong>gentes</strong></span> <span class='ocrx_word' id='word_1_315' title='bbox 700 3486 898 3562; x_wconf 90' lang='lat' dir='ltr'><strong>superatum,</strong></span> <span class='ocrx_word' id='word_1_316' title='bbox 921 3475 1127 3546; x_wconf 80' lang='lat' dir='ltr'><strong>Rhodanum,</strong></span> <span class='ocrx_word' id='word_1_317' title='bbox 1149 3484 1217 3537; x_wconf 89' lang='lat' dir='ltr'><strong>tan·</strong></span> 
     </span>
     <span class='ocr_line' id='line_1_40' title="bbox 79 3560 1219 3650; baseline -0.004 -19"><span class='ocrx_word' id='word_1_318' title='bbox 79 3574 152 3631; x_wconf 82' lang='lat' dir='ltr'><strong>tum</strong></span> <span class='ocrx_word' id='word_1_319' title='bbox 183 3585 322 3646; x_wconf 90' lang='lat' dir='ltr'><strong>amnem,</strong></span> <span class='ocrx_word' id='word_1_320' title='bbox 357 3573 405 3629; x_wconf 90' lang='lat' dir='ltr'><strong>tot</strong></span> <span class='ocrx_word' id='word_1_321' title='bbox 430 3562 561 3628; x_wconf 92' lang='lat' dir='ltr'><strong>milibus</strong></span> <span class='ocrx_word' id='word_1_322' title='bbox 599 3563 769 3628; x_wconf 85' lang='lat' dir='ltr'><strong>Gallorum</strong></span> <span class='ocrx_word' id='word_1_323' title='bbox 800 3560 1059 3650; x_wconf 88' lang='lat' dir='ltr'><strong>prohibentibus,</strong></span> <span class='ocrx_word' id='word_1_324' title='bbox 1097 3561 1219 3626; x_wconf 90' lang='lat' dir='ltr'><strong>domita</strong></span> 
     </span>
     <span class='ocr_line' id='line_1_41' title="bbox 83 3645 1217 3736; baseline -0.007 -19"><span class='ocrx_word' id='word_1_325' title='bbox 83 3653 182 3717; x_wconf 83' lang='lat' dir='ltr'><strong>ctiam</strong></span> <span class='ocrx_word' id='word_1_326' title='bbox 204 3650 307 3736; x_wconf 89' lang='lat' dir='ltr'><strong>ipsius</strong></span> <span class='ocrx_word' id='word_1_327' title='bbox 329 3647 471 3714; x_wconf 90' lang='lat' dir='ltr'><strong>fluminis</strong></span> <span class='ocrx_word' id='word_1_328' title='bbox 494 3651 526 3711; x_wconf 88' lang='lat' dir='ltr'><strong>vi</strong></span> <span class='ocrx_word' id='word_1_329' title='bbox 548 3650 729 3732; x_wconf 88' lang='lat' dir='ltr'><strong>traiectum,</strong></span> <span class='ocrx_word' id='word_1_330' title='bbox 752 3651 784 3711; x_wconf 92' lang='lat' dir='ltr'><strong>in</strong></span> <span class='ocrx_word' id='word_1_331' title='bbox 807 3658 983 3735; x_wconf 89' lang='lat' dir='ltr'><strong>conspectu</strong></span> <span class='ocrx_word' id='word_1_332' title='bbox 998 3646 1099 3730; x_wconf 89' lang='lat' dir='ltr'><strong>Alpes</strong></span> <span class='ocrx_word' id='word_1_333' title='bbox 1115 3645 1217 3710; x_wconf 89' lang='lat' dir='ltr'><strong>hahe-</strong></span> 
     </span>
     <span class='ocr_line' id='line_1_42' title="bbox 80 3731 1258 3822; baseline -0.008 -19"><span class='ocrx_word' id='word_1_334' title='bbox 80 3746 148 3821; x_wconf 82' lang='lat' dir='ltr'><strong>ant,</strong></span> <span class='ocrx_word' id='word_1_335' title='bbox 172 3757 311 3822; x_wconf 88' lang='lat' dir='ltr'><strong>quarum</strong></span> <span class='ocrx_word' id='word_1_336' title='bbox 333 3733 471 3800; x_wconf 91' lang='lat' dir='ltr'><strong>alterum</strong></span> <span class='ocrx_word' id='word_1_337' title='bbox 492 3733 575 3799; x_wconf 89' lang='lat' dir='ltr'><strong>latus</strong></span> <span class='ocrx_word' id='word_1_338' title='bbox 598 3735 711 3800; x_wconf 88' lang='lat' dir='ltr'><strong>Italiae</strong></span> <span class='ocrx_word' id='word_1_339' title='bbox 734 3736 785 3818; x_wconf 86' lang='lat' dir='ltr'><strong>sit,</strong></span> <span class='ocrx_word' id='word_1_340' title='bbox 808 3737 842 3798; x_wconf 91' lang='lat' dir='ltr'><strong>in</strong></span> <span class='ocrx_word' id='word_1_341' title='bbox 864 3736 941 3820; x_wconf 89' lang='lat' dir='ltr'><strong>ipsis</strong></span> <span class='ocrx_word' id='word_1_342' title='bbox 957 3734 1058 3819; x_wconf 82' lang='lat' dir='ltr'><strong>portis</strong></span> <span class='ocrx_word' id='word_1_343' title='bbox 1074 3731 1217 3797; x_wconf 91' lang='lat' dir='ltr'><strong>hostium</strong></span> <span class='ocrx_word' id='word_1_344' title='bbox 1242 3746 1258 3794; x_wconf 83' lang='lat'>6</span> 
     </span>
    </p>
   </div>
   <div class='ocr_carea' id='block_1_4' title="bbox 79 3819 1226 3968">
    <p class='ocr_par' dir='ltr' id='par_1_6' title="bbox 79 3819 1226 3968">
     <span class='ocr_line' id='line_1_43' title="bbox 79 3819 1226 3909; baseline -0.007 -20"><span class='ocrx_word' id='word_1_345' title='bbox 79 3823 234 3908; x_wconf 82' lang='lat' dir='ltr'><strong>fatigatos</strong></span> <span class='ocrx_word' id='word_1_346' title='bbox 248 3821 427 3887; x_wconf 89' lang='lat' dir='ltr'><strong>subsistere</strong></span> <span class='ocrx_word' id='word_1_347' title='bbox 440 3857 485 3891; x_wconf 85' lang='grc'><strong>-,-</strong></span> <span class='ocrx_word' id='word_1_348' title='bbox 500 3821 578 3906; x_wconf 94' lang='lat' dir='ltr'><strong>quid</strong></span> <span class='ocrx_word' id='word_1_349' title='bbox 601 3820 704 3909; x_wconf 88' lang='lat' dir='ltr'><strong>Alpes</strong></span> <span class='ocrx_word' id='word_1_350' title='bbox 727 3819 815 3885; x_wconf 91' lang='lat' dir='ltr'><strong>aliud</strong></span> <span class='ocrx_word' id='word_1_351' title='bbox 837 3843 909 3886; x_wconf 92' lang='lat' dir='ltr'><strong>esse</strong></span> <span class='ocrx_word' id='word_1_352' title='bbox 933 3820 1105 3883; x_wconf 90' lang='lat' dir='ltr'><strong>credentes</strong></span> <span class='ocrx_word' id='word_1_353' title='bbox 1119 3841 1226 3901; x_wconf 71' lang='lat' dir='ltr'><strong>quam</strong></span> 
     </span>
     <span class='ocr_line' id='line_1_44' title="bbox 123 3922 1137 3968; baseline -0.007 -8"><span class='ocrx_word' id='word_1_354' title='bbox 123 3925 148 3960; x_wconf 86' lang='lat' dir='ltr'><strong>r.</strong></span> <span class='ocrx_word' id='word_1_355' title='bbox 158 3925 204 3961; x_wconf 73' lang='lat' dir='ltr'><strong>mv.</strong></span> <span class='ocrx_word' id='word_1_356' title='bbox 218 3923 271 3959; x_wconf 80' lang='lat' dir='ltr'><strong>m.</strong></span> <span class='ocrx_word' id='word_1_357' title='bbox 360 3925 365 3931; x_wconf 91' lang='lat'>·</span> <span class='ocrx_word' id='word_1_358' title='bbox 1116 3922 1137 3968; x_wconf 62' lang='lat' dir='ltr'><strong>q</strong></span> 
     </span>
    </p>
   </div>
   <div class='ocr_carea' id='block_1_5' title="bbox 0 0 1374 4146">
    <p class='ocr_par' dir='ltr' id='par_1_7' title="bbox 0 0 1374 4146">
     <span class='ocr_line' id='line_1_45' title="bbox 0 0 1374 4146; baseline 0 0"><span class='ocrx_word' id='word_1_359' title='bbox 0 0 1374 4146; x_wconf 95' lang='lat' dir='ltr'><strong> </strong></span> 
     </span>
    </p>
   </div>
  </div>
 </body>
</html>
