2738 4146
273 138 275 143 ⁴
300 139 409 189 arnna
426 140 498 192 xm.
519 141 594 192 err.
614 145 655 192 aa.
674 144 717 191 24.
735 144 776 192 aa
796 140 830 211 [a.
850 143 883 194 u.
903 161 925 194 ο.
945 144 1014 212 saep
1189 131 1246 189 125

57 312 207 401 peditum
230 313 383 378 Hannoni
405 315 445 378 ad
468 315 667 401 praesidium
691 316 884 380 obtinendae
907 320 1047 400 regionis
1072 319 1147 382 data
1167 328 1199 382 et

59 399 149 464 mille
171 401 305 485 equites.
328 409 502 486 postquam
522 425 583 489 per
604 402 808 487 Pyrenaeum
833 401 949 467 saltum
962 405 1090 469 traduci
1105 426 1196 468 exer·
1216 421 1234 469 4

60 489 143 551 citus
168 495 217 549 est
240 497 383 573 coeptus,
407 510 583 575 rumorque
605 510 664 574 per
685 488 844 554 barbaros
866 492 1009 553 manavit
1024 493 1142 556 certior
1157 489 1199 554 de

58 571 149 637 bello
172 570 329 654 Romano,
360 575 423 636 tria
452 574 540 639 milia
569 575 645 638 inde
678 572 935 661 Carpetanorum
965 577 1112 723 peditum
1138 578 1200 640 iter

60 668 258 723 averterunt.
283 658 453 724 constabat
473 683 536 725 non
551 670 618 725 tam
632 658 718 725 bello
734 670 839 726 motos
855 683 952 747 quam
980 664 1199 748 onginquitate

59 748 133 809 viae
156 743 474 832 inexsuperabilique
497 746 628 834 Alpium
650 749 795 813 transitu.
818 742 992 829 Hannibal,
1016 751 1092 834 quia
1105 771 1198 812 revo·
1217 767 1232 814 5
1308 762 1310 766 '

60 854 138 897 care
162 840 217 895 aut
237 833 270 894 vi
292 833 431 895 retinere
469 855 525 898 eos
560 855 679 920 anceps
703 842 779 914 erat,
814 856 854 896 ne
888 843 1070 898 ceterorum
1103 837 1198 898 etiam

59 917 188 983 feroces
227 919 324 980 animi
359 920 574 1000 irritarentur,
613 942 712 1005 supra
748 930 873 1005 septem
911 919 1000 984 milia
1035 921 1233 987 hominume

62 1004 179 1068 domos
201 1005 333 1084 remisit,
367 1027 449 1089 quos
482 1015 513 1069 et
542 1008 630 1091 ipsos
653 1008 783 1088 gravari
804 1005 917 1071 militia
939 1015 1093 1082 senserat,
1119 1004 1197 1071 Car·

60 1099 199 1177 petanos
223 1111 353 1175 quoque
376 1089 417 1153 ab
441 1113 476 1155 se
501 1091 649 1155 dimissos
673 1091 835 1156 simulans.
1187 1149 1217 1164 ,

166 1174 292 1237 XXIV.
316 1175 408 1257 Inde,
431 1199 472 1239 ne
494 1200 587 1242 mora
609 1187 705 1263 atque
729 1181 829 1242 otium
852 1180 974 1259 animos
1002 1176 1198 1260 sollicitaret,
1221 1200 1235 1246 1

62 1285 138 1326 cum
160 1259 293 1347 reliquis
317 1264 417 1348 copiis
439 1262 646 1345 Pyrenaeum
668 1264 904 1348 transgreditur
926 1273 959 1328 et
981 1264 1022 1327 ad
1043 1264 1199 1351 oppidum

59 1347 192 1412 Iliberri
215 1356 321 1411 castra
342 1345 437 1412 locat.
463 1348 560 1430 Galli,
584 1372 781 1436 quamquam
802 1349 915 1414 Italiae
938 1348 1061 1414 bellum
1087 1349 1199 1413 inferri
1220 1372 1235 1417 2

61 1433 248 1506 audiebant,
264 1442 382 1515 tamen,
406 1437 482 1520 quia
496 1438 532 1500 vi,
545 1434 696 1500 subactos
711 1445 799 1500 trans
815 1435 1019 1520 Pyrenaeum
1036 1435 1199 1521 Hispanos

60 1520 149 1584 fama
171 1529 241 1583 erat
262 1521 489 1606 praesidiaque
520 1521 630 1585 valida
661 1524 808 1607 inposita,
843 1531 933 1586 metu
964 1523 1125 1586 servitutis
1158 1521 1200 1585 ad

61 1629 154 1670 arma
176 1609 372 1670 consternati
394 1607 611 1672 Ruscinonem
627 1606 749 1694 aliquot
763 1606 875 1695 populi
891 1609 1094 1672 conveniunt.
1112 1606 1198 1693 quod
1217 1617 1233 1664 3

60 1691 119 1757 ubi
141 1690 321 1756 Hannibali
351 1695 532 1757 nuntiatum
564 1703 621 1773 est,
654 1716 779 1765 moram
811 1696 914 1775 magis
946 1716 1043 1779 quam
1076 1692 1200 1758 bellum

62 1788 221 1856 metuens,
246 1788 389 1844 oratores
413 1779 455 1842 ad
478 1778 610 1862 regulos
638 1801 749 1844 corum
781 1782 881 1843 misit:
913 1778 1063 1864 conloqui
1096 1788 1200 1843 semet

61 1867 168 1952 ipsum
192 1887 266 1928 cum
289 1866 327 1929 iis
348 1862 443 1945 velle,
468 1874 501 1929 et
521 1864 574 1929 vel
597 1864 642 1929 illi
656 1867 789 1952 propius
811 1864 973 1928 Iliberrim
996 1864 1198 1947 accederent,

60 1950 115 2015 vel
139 1973 175 2015 se
198 1950 415 2016 Ruscinonem
437 1972 676 2038 processurum,
700 1960 736 2014 ut
751 1973 793 2013 ex
807 1953 990 2038 propinquo
1006 1972 1199 2032 congressus
1219 1962 1236 2008 4

60 2035 189 2101 facilior
211 2045 311 2101 esset:
334 2059 410 2101 nam
433 2046 466 2100 et
488 2047 697 2123 accepturum
714 2058 769 2100 eos
785 2039 817 2099 in
833 2046 939 2101 castra
954 2059 1013 2100 sua
1028 2059 1063 2100 se
1079 2035 1199 2101 laetum

60 2145 123 2188 nec
147 2131 336 2187 cunctanter
358 2144 394 2188 se
416 2125 523 2210 ipsum
546 2124 587 2186 ad
617 2144 673 2187 eos
705 2131 886 2187 venturum.
921 2122 1083 2208 hospitem
1115 2125 1200 2187 enim

62 2231 98 2274 se
115 2206 253 2286 Galliae,
269 2231 335 2273 non
351 2209 477 2273 hostem
493 2209 665 2272 advenisse
681 2230 741 2272 nec
758 2211 944 2273 stricturum
960 2218 1033 2272 ante
1045 2207 1198 2291 gladium,

60 2298 88 2360 si
110 2317 172 2382 per
196 2292 309 2360 Gallos
324 2294 429 2376 liceat,
453 2317 550 2380 quam
572 2297 605 2359 in
620 2293 747 2359 Italiam
767 2297 922 2360 venisset.
948 2303 980 2357 et
1019 2317 1054 2357 er
1069 2297 1197 2359 nuntios
1219 2305 1234 2352 5

59 2381 196 2469 quidem
218 2379 315 2458 haec;
347 2390 384 2445 ut
404 2402 482 2445 vero
505 2378 610 2463 reguli
634 2379 804 2445 Gallorum
827 2382 939 2444 castris
972 2318 1016 2443 ad
1035 2378 1198 2443 Iliberrim

60 2464 228 2554 extemplo
260 2469 355 2531 motis
385 2465 473 2530 haud
506 2475 639 2549 gravate
671 2467 713 2530 ad
735 2465 882 2531 Poenum
912 2475 1081 2546 venerunt,
1114 2468 1199 2552 capti

58 2553 154 2618 donis
192 2575 267 2618 cum
304 2552 390 2617 bona
424 2570 507 2639 pace
544 2554 723 2617 exercitum
760 2574 819 2640 per
850 2552 932 2617 fines
962 2573 1037 2616 suos
1068 2561 1199 2638 praeter

56 2639 279 2706 Ruscinonem
303 2639 459 2725 oppidum
480 2640 735 2704 transmiserunt.

164 2723 276 2789 XXV.
308 2723 348 2787 In
370 2724 496 2789 Italiam
528 2725 657 2789 interim
688 2722 766 2788 nibil
796 2722 881 2788 ultra
913 2745 1010 2809 quam
1037 2721 1232 2787 Hiberuml

56 2813 215 2878 transisse
238 2808 457 2875 Hannibalem
489 2808 781 2876 aMassiliensium
814 2809 928 2892 legatis
959 2809 1096 2873 Romam
1125 2831 1198 2896 per-

58 2898 163 2964 latum
197 2906 275 2978 erat,
311 2919 395 2977 cum,
426 2896 563 2984 perinde
595 2918 633 2961 ac
665 2899 692 2961 si
719 2894 821 2984 Alpes
844 2899 908 2960 iam
930 2898 1106 2977 transisset,
1137 2894 1232 2959 Boia

56 2983 238 3050 sollicitatis
273 2982 466 3048 Insubribus
504 2982 696 3047 defecerunt
732 3004 796 3047 nec
832 2992 900 3046 tam
932 2981 972 3046 ob
1006 2990 1135 3045 veteres
1165 2983 1199 3044 in

80 3068 217 3158 epulum
248 3069 430 3134 Romanum
459 3070 535 3149 iras,
568 3092 665 3155 quam
697 3069 785 3155 quod
816 3089 922 3154 nuper
953 3069 1040 3132 circa
1072 3065 1197 3131 Padum

55 3095 260 3223 Placentiam
284 3153 544 3240 Cremonamque
576 3153 718 3220 colonias
749 3157 781 3218 in
814 3177 928 3237 agrum
958 3151 1120 3216 Gallicum
1144 3151 1197 3215 de-

57 3244 174 3310 ductas
206 3263 303 3326 aegre
330 3240 547 3328 patiebantur.
562 3243 692 3327 citaque
725 3243 822 3305 armis
850 3249 982 3327 repente
1007 3240 1142 3324 arreptis
1165 3240 1231 3301 ine

57 3350 134 3396 eum
155 3331 264 3416 ipsum
286 3349 402 3412 agrum
423 3329 546 3414 impetu
567 3326 652 3391 facto
676 3336 798 3391 tantum
822 3328 955 3390 terroris
979 3347 1017 3389 ac
1040 3322 1196 3388 tumultus

56 3414 215 3497 fecerunt,
239 3421 360 3478 utnon
384 3415 522 3498 agrestis
547 3413 645 3478 modo
670 3412 850 3494 multitudo,
874 3412 933 3476 sed
954 3413 1016 3498 ipsi
1037 3412 1197 3474 triumviri

55 3501 205 3582 Romani,
241 3501 295 3586 qui
322 3499 364 3563 ad
392 3521 506 3583 agrurn
538 3509 695 3563 venerant
721 3498 967 3582 adsignandum,
1004 3495 1101 3560 diffisi
1123 3495 1196 3559 Pla-

57 3590 184 3655 centiae
207 3585 378 3651 moenibus
401 3585 559 3650 Mutinam
582 3586 793 3669 confugerint,
819 3583 855 3648 O.
879 3584 1037 3661 Lutatius,
1063 3580 1099 3645 O.
1122 3581 1195 3644 Ser-

55 3673 162 3757 vilius,
191 3671 237 3736 M.
264 3669 399 3736 Annius.
446 3670 567 3736 Lutatii
593 3694 712 3736 nomen
745 3671 832 3735 haud
867 3669 1001 3734 dubium
1034 3677 1096 3749 est3
1136 3685 1236 3754 prot

55 3758 165 3826 Annio
194 3757 398 3844 Servilioque
425 3757 481 3820 Μ’.
526 3756 668 3821 Acilium
701 3767 733 3823 et
765 3755 800 3821 O.
833 3755 1034 3820 Herennium
1074 3753 1196 3818 habent

55 3847 192 3935 quidam
214 3843 356 3926 annales,
389 3842 443 3908 alii
464 3843 501 3907 P.
528 3842 716 3910 Cornelium
740 3841 879 3910 Asinam
910 3850 947 3908 et
974 3838 1018 3906 b.
1031 3840 1217 3924 Papirium
