2738 4146
124 145 183 202 111
381 159 490 208 arnna
506 158 578 210 1111
597 159 672 210 cnr.
692 162 733 211 19.
752 163 793 210 ao.
812 158 848 229 [a.
866 160 899 211 u
919 176 941 211 e.
960 158 1031 228 5361.

139 330 297 394 1111111111
316 352 376 394 nec
394 351 453 412 ,ne
477 333 531 416 qui
545 341 661 416 postea
682 328 965 410 adsumerentur“;
989 340 1021 394 et
1043 353 1118 395 cum
1133 331 1306 397 adsumere

171 437 273 480 novos
304 413 417 480 liceret
447 419 561 499 socios,
596 419 666 502 quis
700 439 840 503 aequum
871 425 1019 481 censeret
1052 425 1107 480 aut
1138 416 1179 480 ob
1214 416 1305 482 nulla

172 522 366 587 quemquam
389 503 503 566 merita
529 504 562 566 in
586 504 756 567 amicitiam
777 504 878 587 recipi
901 511 956 566 aut
977 512 1125 588 receptos
1147 504 1180 566 in
1203 501 1303 568 fidem

170 608 234 650 non
266 585 420 650 defendi?
452 595 575 651 tantum
605 609 646 650 ne
677 586 988 670 Carthaginiensium
1008 589 1100 652 socii
1130 596 1187 652 111
1218 587 1302 653 solb-

171 673 345 736 citarentur
367 671 408 736 ad
442 672 658 738 defectionem
682 682 737 737 aut
762 696 821 738 sua
844 681 958 758 sponte
983 673 1199 738 desciscentes
1221 677 1302 739 reci·

195 767 331 821 11111111.

135 781 191 906 ep
272 842 387 924 Legati
408 842 544 907 Romani
567 842 608 906 ab
633 841 837 924 Carthagine,
869 844 952 907 sicut
982 844 1021 907 iis
1042 842 1167 907 Romae
1198 845 1298 930 impe·

169 937 274 993 ratum
291 937 368 1006 erat,
391 931 423 992 in
438 929 637 1014 Hispaniam,
660 938 697 992 ut
711 928 837 992 adirent
851 931 996 993 civitates
1013 937 1045 992 et
1064 930 1099 992 in
1113 930 1300 995 societatem

136 1032 151 1079 1
169 1013 364 1100 perlicerent
385 1023 440 1078 aut
455 1023 637 1078 averterent
652 1037 672 1078 a
686 1013 812 1094 Poenis,
835 1016 1040 1078 traiecerunt.
1064 1013 1106 1077 ad
1122 1012 1300 1096 Bargusios

169 1101 308 1184 primum
330 1109 503 1177 venerunt3
536 1097 693 1184 aquibus
718 1099 856 1182 benigne
879 1101 1016 1186 excepti,
1049 1101 1125 1184 quia
1146 1099 1300 1164 taedebat

168 1187 294 1270 imperii
315 1185 437 1263 Punici,
461 1183 579 1249 multos
602 1195 689 1248 trans
704 1184 865 1249 Hiberum
886 1184 1024 1271 populos
1048 1184 1090 1248 ad
1112 1185 1299 1272 cupidinem

132 1289 273 1337 8novae
303 1269 451 1334 fortunae
485 1281 667 1334 erexerunt.
703 1270 743 1333 ad
768 1269 940 1335 Volcianos
971 1269 1047 1334 inde
1071 1279 1121 1334 est
1154 1280 1296 1350 ventum,

170 1378 306 1440 quorum
322 1355 452 1420 celebre
466 1378 526 1442 per
544 1357 731 1441 Hispaniam
745 1377 938 1442 responsum
954 1364 1078 1420 ceteros
1093 1354 1233 1441 populos
1257 1355 1299 1419 ab

169 1443 321 1505 societate
345 1441 489 1505 Romana
516 1445 639 1505 avertit.
672 1444 718 1504 ita
741 1444 825 1506 enim
846 1443 1006 1505 maximus
1038 1451 1116 1505 natu
1139 1443 1241 1505 exiis
1263 1443 1296 1504 in

133 1525 304 1594 9111111111
326 1526 633 1613 responditzq„qnae
655 1527 854 1590 verecundia
876 1535 933 1607 est,
956 1526 1102 1609 Romani,
1133 1526 1299 1612 postulare

168 1633 237 1692 vos,
269 1615 315 1676 uti
346 1622 485 1676 vestram
515 1611 826 1691 Carthaginiensium
857 1614 1015 1677 amicitiae
1048 1633 1298 1699 praeponamus,

168 1721 252 1776 cum,
282 1699 336 1783 qui
368 1698 401 1760 id
432 1698 588 1778 fecerunt,
613 1697 805 1780 Saguntinos
839 1694 1011 1778 crudelius,
1044 1719 1141 1782 quam
1163 1697 1296 1762 Poenus

117 1803 150 1851 10
166 1781 267 1847 hostis
299 1783 449 1869 perdidit,
481 1806 539 1847 vos
570 1786 649 1848 socii
670 1782 898 1865 prodideritis?
928 1781 974 1847 ibi
1007 1783 1168 1868 quaeratis
1191 1784 1298 1847 socios

168 1890 295 1947 censeo,
328 1868 384 1931 ubi
407 1867 583 1950 Saguntina
614 1868 723 1933 clades
754 1871 864 1951 ignota
887 1878 947 1933 est:
982 1867 1136 1953 Hispanis
1166 1867 1299 1954 populis

168 1956 251 2017 sicut
271 1953 410 2036 lugubre
432 1957 477 2017 ita
497 1957 622 2034 insigne
650 1954 879 2018 documentum
901 1953 1035 2037 Sagunti
1056 1955 1168 2017 ruinae
1192 1963 1297 2034 erunt,

117 2060 207 2107 11111
234 2041 304 2124 quis
327 2037 404 2103 fidei
417 2038 582 2103 Romanae
598 2049 653 2104 aut
675 2040 819 2104 societati
835 2038 1006 2104 confidat.“
1030 2037 1108 2103 inde
1130 2037 1298 2125 extemplo

167 2124 258 2187 abire
289 2123 405 2188 finibus
438 2123 667 2190 Volcianorum
697 2127 777 2189 iussi
813 2124 854 2189 ab
887 2123 976 2189 nullo
1009 2124 1127 2188 deinde
1158 2122 1297 2189 concilio

166 2209 343 2296 Hispaniae
365 2209 555 2292 benigniora
576 2210 678 2274 verba
699 2211 812 2275 tulere.
839 2212 885 2274 ita
905 2212 1101 2296 nequiquam
1121 2219 1298 2296 peragrata

165 2295 322 2381 Hispania
342 2297 375 2360 in
400 2294 539 2361 Galliam
560 2305 734 2360 transeunt.

131 2399 141 2445 1
266 2379 342 2443 XX.
366 2380 404 2443 In
426 2381 477 2446 his
499 2404 584 2446 nova
613 2380 828 2466 terribilisque
860 2383 984 2466 speeies
1017 2382 1089 2445 visa
1111 2388 1169 2461 est,
1205 2379 1295 2466 quod

164 2469 277 2530 armati
302 2503 337 2512 -
373 2469 418 2531 111
448 2490 518 2532 mos
552 2469 654 2551 gentis
687 2479 756 2530 erat
777 2502 819 2512 -
850 2468 883 2531 in
915 2464 1086 2531 concilium
1119 2474 1293 2529 venerunt

128 2571 143 2618 1
164 2574 239 2616 cum
260 2552 369 2617 verbis
402 2552 592 2618 extollentes
620 2551 755 2635 gloriam
776 2554 993 2637 virtutemque
1023 2549 1136 2699 populi
1157 2549 1296 2615 Romani

164 2660 202 2701 ac
224 2639 479 2721 magnitudinem
499 2641 626 2725 imperii
647 2640 811 2724 petissent,
834 2659 876 2701 ne
899 2637 1009 2702 Poeno
1056 2635 1156 2700 elum
1178 2635 1294 2699 Italiae

129 2722 311 2791 sinferenti
344 2745 404 2810 per
425 2746 521 2805 agros
554 2723 719 2810 urbesque
742 2746 816 2788 suas
838 2725 1008 2787 transitum
1031 2721 1154 2798 darent,
1186 2731 1295 2786 tantus

165 2830 239 2871 cum
275 2808 404 2872 fremitu
434 2811 518 2874 risus
556 2809 671 2873 dicitur
708 2817 806 2888 ortus,
844 2817 880 2872 ut
915 2811 972 2872 vix
1001 2829 1021 2872 1
1053 2806 1294 2891 magistratibus
1328 2835 1331 2839 ·

125 2893 404 2979 maioribusque
437 2904 513 2958 natu
544 2897 693 2959 iuventus
726 2893 908 2960 sedaretur:
941 2893 1023 2958 adeo
1055 2892 1173 2957 stohda
1203 2895 1294 2980 inpu-

165 2977 308 3064 densque
338 2978 509 3064 postulatio
543 2983 614 3044 visa
636 2989 694 3062 est,
728 3002 871 3056 censere,
909 3001 950 3042 ne
983 2980 1015 3043 in
1037 2976 1165 3043 Italiam
1191 2987 1293 3042 trans·

163 3066 289 3128 mittant
312 3064 398 3129 Galli
420 3064 553 3141 bellum,
584 3069 672 3151 ipsos
694 3065 727 3130 id
751 3075 898 3130 avertere
920 3067 952 3128 in
975 3085 1011 3129 se
1034 3085 1195 3149 agrosque
1218 3084 1293 3128 suos

125 3163 141 3210 o
162 3172 222 3236 pro
246 3150 357 3214 alienis
385 3149 587 3236 populandos
612 3149 751 3216 obicere.
790 3151 901 3215 sedato
924 3150 1056 3214 tandem
1089 3149 1222 3213 fremitu
1242 3170 1291 3213 re·

163 3258 317 3321 sponsum
340 3234 452 3317 legatis
476 3246 534 3318 est,
565 3258 671 3322 neque
692 3236 911 3301 Romanorum
933 3239 965 3299 in
988 3257 1023 3300 se
1049 3235 1200 3299 meritum
1222 3254 1294 3300 esse

161 3341 269 3405 neque
292 3319 604 3402 Carthaginiensium
625 3324 782 3401 iniuriam,
811 3321 852 3386 ob
876 3343 959 3406 quae
982 3329 1038 3385 aut
1057 3342 1117 3407 pro
1139 3318 1307 3386 Romanis¹

126 3418 217 3475 1111
240 3407 396 3470 adversus
419 3407 546 3471 Poenos
570 3417 697 3472 sumant
727 3427 831 3484 arma;
865 3416 977 3471 contra
1008 3429 1047 3470 11
1069 3405 1183 3470 audire
1211 3425 1293 3488 sese,

162 3495 265 3571 gentis
289 3514 366 3556 suae
391 3492 536 3556 homines
569 3515 646 3576 agro
677 3491 860 3578 finibusque
883 3491 996 3555 ltaliae
1027 3490 1107 3578 pelli
1129 3513 1150 3555 a
1170 3488 1292 3578 populo

127 3582 141 3628 7
160 3576 305 3642 Romano
323 3578 515 3664 stipendium
541 3600 581 3642 ue
597 3578 740 3664 pendere
757 3586 789 3642 et
804 3587 913 3643 cetera
930 3578 1063 3661 indigna
1076 3578 1153 3664 pati.
1178 3577 1293 3641 eadem

159 3662 262 3727 ferme
284 3666 316 3727 in
340 3666 455 3727 ceteris
480 3602 605 3727 Galliae
635 3663 776 3728 conciliis
804 3663 890 3728 dicta
923 3663 1111 3748 auditaque,
1143 3683 1205 3727 nec
1235 3660 1292 3726 ho·

160 3748 274 3833 spitale
298 3751 469 3834 quicquam
484 3758 676 3834 pacatumve
692 3752 767 3813 satis
783 3751 871 3835 prius
888 3748 1042 3830 auditum,
1065 3769 1164 3834 quam
1177 3746 1293 3812 Massi·

117 3831 231 3897 eliam
256 3855 384 3897 venere.
417 3834 462 3900 ibi
487 3837 593 3898 omnia
616 3834 657 3898 ab
680 3837 774 3899 sociis
797 3836 948 3919 inquisita
970 3857 1042 3898 cum
1066 3855 1145 3898 cura
1167 3855 1207 3898 aa
1228 3830 1294 3897 fide

141 4076 232 4100 Α
