2738 4146
290 111 294 116 '
352 117 461 167 nisan
478 118 499 168 1.
528 117 603 170 car.
623 121 665 170 ao.
685 121 726 169 ao.
744 117 780 188 [a.
800 121 832 171 u.
851 139 874 172 c.
892 122 1021 189 tta-114]
1240 113 1280 171 27

95 290 230 356 inducta
261 289 370 354 omnia
400 287 592 374 inpleverat,
623 292 742 376 raptim
775 292 894 378 quibus
926 295 1064 380 quisque
1099 305 1229 380 poterat

95 376 201 459 elatis,
239 399 312 442 oum
346 375 446 439 larem
479 398 518 439 ac
549 386 684 461 penates
716 386 880 464 tectaque,
918 381 951 442 in
984 380 1102 466 quibus
1133 393 1227 446 natus

96 463 237 550 quisque
261 463 483 547 educatusque
506 472 601 544 esset,
634 463 854 549 relinquentes
887 467 1023 548 exirent,
1054 461 1119 533 iarn
1152 488 1261 536 con-t

93 551 201 614 tinens
233 570 352 635 agmen
386 551 592 632 migrantium
624 548 807 634 inpleverat
844 552 943 633 vias,‘'
963 561 995 616 et
1033 565 1225 638 conspectus

94 635 233 700 aliorum
264 645 377 699 mutua
407 636 614 699 miseratione
650 635 849 720 integrabat
870 636 1030 719 lacrimas,
1063 661 1226 726 vocesque

94 723 195 785 etiarn
219 720 422 785 miserabiles
446 721 705 785 exaudiebantur
736 722 909 787 mulierum
931 725 1118 811 praecipue,
1151 748 1223 790 cum

94 807 233 872 obsessa
261 807 303 870 ab
338 807 470 871 armatis
501 807 624 894 templa
654 819 793 891 augusta
823 813 1040 894 praeterirent
1074 834 1112 875 ao
1136 811 1226 876 velut

95 903 210 980 captos
241 891 462 979 relinquerent
494 893 581 957 deos.
622 896 760 978 egressis
794 895 876 960 urbe
898 894 1035 960 Albanis
1058 897 1261 967 Rotnanuss

94 981 218 1067 passim
241 979 373 1066 publica
395 981 586 1065 privataque
610 982 717 1044 omnia
743 991 828 1044 tecta
850 982 1013 1067 adaequat
1035 983 1114 1065 solo,
1147 1007 1223 1048 una·

95 1089 160 1152 que
202 1063 282 1129 bora
324 1065 633 1150 quadringentorum
671 1088 827 1132 annorum
859 1087 951 1153 opus,
987 1068 1105 1155 quibus
1138 1070 1224 1134 Alba

94 1162 240 1221 steterat.
266 1153 394 1216 excidio
418 1174 457 1215 ac
479 1153 579 1216 ruinis
603 1153 708 1233 dedit;
732 1152 862 1237 templis
884 1170 992 1218 tamen
1010 1155 1106 1218 deum
1125 1159 1225 1220 -ita

94 1239 182 1303 enim
206 1237 346 1302 edictum
371 1237 411 1300 ab
436 1260 513 1321 rege
535 1238 642 1302 fuerat
668 1275 703 1284 -
728 1249 945 1323 temperatum
969 1251 1026 1304 est.

200 1320 310 1388 XXX.
335 1324 439 1387 Roma
465 1326 594 1387 interim
619 1325 736 1388 crescit
759 1324 865 1389 Albae
891 1327 1002 1391 ruinis.
1038 1326 1254 1411 duplicaturi

94 1410 215 1475 civium
239 1430 409 1492 numerus3
444 1409 573 1474 Caelius
605 1411 737 1473 additur
759 1412 833 1475 urbi
855 1434 958 1493 mons,
991 1422 1032 1493 et,
1065 1435 1129 1498 quo
1160 1414 1221 1478 fre·

118 1496 247 1561 uentius
271 1497 483 1578 habitaretur,
507 1519 578 1561 eam
602 1497 713 1561 sedem
729 1496 843 1560 Tullus
867 1499 978 1582 regiae
1002 1501 1089 1584 capit
1112 1499 1223 1585 ibique

94 1518 214 1647 deinde
245 1582 414 1648 habitavit.
452 1583 617 1668 principes
651 1581 851 1647 Albanorum
888 1586 920 1648 in
953 1594 1074 1670 patres,
1111 1595 1147 1649 ut
1185 1608 1257 1654 eaa

118 1691 228 1754 uoque
250 1691 326 1754 pars
348 1670 396 1732 rei
427 1668 576 1753 publicae
600 1679 773 1734 cresceret.
806 1668 898 1752 legit:
921 1669 1032 1752 Iulios,
1057 1669 1221 1740 Servilios.

94 1691 276 1836 Quinctios,
300 1754 474 1838 Geganius,
495 1753 666 1835 Curiatios,
692 1753 847 1837 Cloeli0s3
870 1755 1095 1842 templumque
1119 1758 1223 1822 ordini

92 1841 137 1906 ab
161 1857 196 1905 s'e
219 1851 313 1905 aucto
337 1843 459 1904 curiam
490 1839 577 1913 fecit,
610 1863 693 1926 quae
716 1841 859 1905 Hostilia
890 1865 994 1928 usque
1027 1845 1069 1906 ad
1092 1854 1223 1928 patrum

51 1965 55 1973 ·
93 1938 280 1992 nostrorum
313 1937 450 1991 aetatem
483 1925 648 2012 appellata
670 1936 729 1990 est.
764 1937 797 1991 et
830 1938 867 1991 ut
898 1929 1039 1992 omniurn
1072 1931 1256 1993 ordinums

92 2012 222 2078 viribus
244 2012 366 2099 aliquid
392 2036 434 2077 ex
456 2034 540 2078 novo
565 2011 687 2098 populo
712 2012 906 2096 adiceretur,
940 2015 1084 2099 equitum
1107 2016 1220 2080 decern

92 2110 218 2165 turmas
241 2121 284 2164 ex
305 2099 442 2164 Albanis
464 2099 552 2183 legit,
576 2099 721 2183 legiones
745 2110 777 2164 et
798 2110 928 2165 veteres
951 2101 1069 2165 eodem
1093 2101 1221 2188 supple-

92 2196 204 2251 mento
228 2185 373 2270 explevit
395 2195 428 2250 et
449 2207 551 2250 novas
574 2187 712 2269 scripsit.
1041 2265 1056 2273 ἢ
1232 2211 1256 2290 p

197 2271 271 2337 Hac
293 2271 414 2335 fidncia
434 2273 551 2336 virium
564 2271 677 2335 Tullus
691 2271 818 2336 Sabinis
840 2271 964 2336 bellum
987 2272 1109 2352 indicit,
1133 2274 1221 2357 genti
1240 2288 1256 2335 4

92 2381 134 2423 ea
147 2368 342 2443 tempestate
365 2358 540 2422 secundum
559 2359 713 2422 Etruscos
730 2357 993 2443 opulentissimae
1008 2360 1085 2423 viris
1108 2362 1219 2423 armis·

94 2467 169 2530 que.
194 2446 358 2529 utrimque
380 2445 515 2508 iniuriae
529 2443 636 2508 factae
659 2466 698 2508 ao
719 2467 772 2508 res
795 2446 991 2529 nequiquam
1014 2455 1106 2508 erant
1127 2462 1255 2530 repe-t

91 2534 185 2596 titae:
208 2529 321 2594 Tullus
343 2531 385 2594 ad
408 2530 569 2600 Feroniae
591 2531 701 2593 fanum
723 2539 870 2593 mercatu
892 2530 1054 2614 frequenti
1076 2533 1218 2615 negotia-

90 2627 180 2682 tores
202 2616 364 2681 Romanos
388 2615 632 2702 conprehensos
656 2616 862 2702 querebatur,
886 2614 997 2684 Sabini
1029 2639 1104 2680 suos
1128 2619 1218 2702 prius
1307 2640 1310 2646 ·

66 2704 125 2766 'in
148 2702 257 2767 lucum
292 2702 478 2786 confugisse
509 2725 547 2766 ac
569 2703 690 2767 Romae
721 2712 875 2767 retentos.
896 2702 976 2766 -hae
999 2724 1118 2767 causae
1140 2702 1217 2768 belli

90 2788 289 2855 ferebantur.
314 2787 438 2870 Sabini,
462 2788 549 2852 haud
572 2811 687 2873 parum
704 2811 865 2853 memores
890 2797 923 2853 et
946 2811 1076 2852 suarum
1099 2790 1217 2854 virium
1238 2809 1253 2856 6

92 2886 221 2963 partein
242 2874 366 2940 Romae
397 2874 438 2938 ab
461 2874 555 2938 Tatio
583 2876 723 2939 locatam
756 2885 788 2939 et
810 2875 990 2938 Romanam
1021 2898 1090 2951 rem
1114 2897 1218 2961 nuper

91 2963 189 3027 etiam
222 2961 403 3026 adiectione
435 2960 548 3046 populi
575 2959 695 3024 Albani
729 2970 867 3043 auctam,
901 2962 1150 3046 circumspicere
1185 2972 1218 3026 et

91 3050 100 3112 i
128 3051 155 3112 si
171 3057 306 3112 externa
321 3046 451 3111 auxilia.
476 3048 608 3111 Etruria
624 3057 692 3111 erat
706 3049 824 3122 vicina,
848 3049 989 3130 proximi
1005 3045 1216 3112 Etruscorum
1238 3069 1251 3116 7

89 3072 256 3199 tleientas.
279 3135 356 3199 inde
379 3134 420 3198 ob
444 3133 592 3198 residuas
609 3133 768 3198 bellorum
784 3135 848 3197 iras
871 3134 1013 3197 maxime
1036 3133 1217 3198 sollicitatis

90 3221 134 3286 ad
157 3220 370 3286 defectionem
394 3221 508 3284 animis
539 3218 738 3286 voluntarios
762 3230 902 3300 traxere,
936 3229 968 3283 et
999 3220 1085 3303 apud
1115 3243 1218 3304 vagos

90 3307 250 3395 quosdam
274 3329 316 3371 ex
338 3308 426 3392 inopi
448 3306 545 3391 plebe
568 3307 663 3369 etiam
697 3328 822 3370 merces
854 3304 970 3384 valuit,
1002 3304 1133 3390 publico
1163 3329 1217 3370 au·

89 3393 169 3458 xilio
193 3392 281 3457 nullo
306 3393 407 3457 adiuti
430 3403 513 3466 suut,
536 3391 703 3477 valuitque
727 3393 813 3477 apud
834 3391 990 3456 Veientes
1015 3429 1054 3437 -
1077 3414 1152 3455 nam
1177 3393 1218 3476 de

91 3481 208 3545 ceteris
232 3481 336 3544 minus
359 3480 475 3543 mirum
500 3487 550 3542 est
572 3515 613 3524 —
637 3488 733 3563 pacta
760 3500 831 3542 curn
855 3476 993 3541 Romulo
1017 3477 1215 3542 indutiarum

89 3567 181 3632 fides.
214 3588 288 3631 cum
311 3565 433 3631 bellum
455 3567 619 3650 utrimque
643 3586 770 3628 summa
793 3585 856 3648 ope
879 3573 1042 3648 pararent,
1066 3565 1149 3628 verti
1175 3588 1252 3635 ues

89 3654 123 3716 in
139 3675 178 3718 eo
194 3676 246 3718 res
262 3653 440 3734 videretur,
464 3652 528 3715 utri
540 3652 630 3736 prius
654 3673 744 3714 arma
758 3650 924 3729 inferrent,
948 3659 1088 3734 occupat
1103 3587 1216 3714 Tullus

89 3741 121 3803 in
137 3762 251 3823 agrum
267 3738 423 3804 Sabinum
438 3739 586 3802 transire.
603 3759 712 3822 pugna
728 3747 824 3800 atrox
838 3735 881 3799 ad
896 3735 1230 3801 silvamlllalit'xsssm
1244 3760 1266 3800 s

88 3825 159 3906 fuit,
183 3824 241 3890 ubi
265 3834 297 3890 et
309 3825 458 3914 peditum
476 3824 612 3914 quidem
633 3825 772 3911 robore,
795 3833 952 3891 ceterum
973 3820 1133 3904 aquatam
1149 3823 1256 3874 sumo
