2738 4146
365 149 474 199 cinna
496 151 516 199 1.
537 149 612 201 cnr.
632 153 673 201 aa.
693 153 734 204 at.
753 150 787 218 [a.
806 153 839 204 u
858 170 881 203 ο.
900 151 1045 230 rra-ias]
1253 143 1291 199 31

120 322 190 385 ciae
215 321 310 385 datae
333 319 437 384 sedes.
472 320 651 385 Ianiculum
675 344 804 408 quoque
838 323 1010 406 adiectum,
1044 347 1108 389 non
1134 325 1278 411 inopias

78 480 80 483 ¹
120 405 194 489 loci,
219 406 276 470 sed
299 406 485 491 nequando
510 428 548 470 ea
570 428 629 470 arx
652 407 790 471 hostium
815 419 909 474 esset.
933 411 966 473 id
990 431 1055 474 non
1077 433 1170 475 muro
1194 432 1243 474 so·

121 491 199 573 lum,
236 491 413 556 sedetiam
448 491 488 555 ob
522 493 782 557 commoditatem
818 495 940 559 itineris
963 505 1063 581 ponte
1095 495 1242 578 sublicio,

119 589 188 643 tum
203 580 344 663 primurn
360 579 393 642 in
408 577 519 641 Tiberi
533 578 629 659 facto,
646 580 797 662 coniungi
819 580 893 643 urbi
907 579 1041 666 placuit.
1067 580 1241 661 Quiritium
1262 604 1277 651 r

119 686 250 749 quoque
273 663 369 746 fossa,
393 663 478 727 haud
495 686 631 748 parvum
648 665 879 729 munimentum
896 687 915 728 a
930 665 1130 750 planioribus
1153 668 1244 730 aditu

120 749 210 832 locis,
233 750 317 812 Anci
338 751 425 833 regis
448 770 530 833 opus
564 759 622 815 est.
656 751 776 833 ingenti
797 751 996 815 incremento
1019 753 1116 817 rebus
1140 754 1277 825 auctiss
1349 797 1352 802 -

121 858 194 899 cum
217 836 353 899 intanta
376 833 580 898 multitudine
597 835 763 899 hominum
787 836 972 900 discrimine
995 848 1083 902 recte
1106 860 1146 901 an
1169 860 1242 923 per·

120 943 234 1007 peram
257 919 333 983 facti
367 920 499 984 confuso
522 920 664 984 facinora
688 921 887 985 clandestina
909 922 1035 1004 fierent,
1068 946 1179 988 carcer
1201 923 1243 987 ad

120 1020 278 1071 terrorem
300 1007 508 1072 increscentis
541 1007 697 1070 audaciae
725 1007 831 1070 media
862 1007 945 1071 urbe
977 1008 1148 1072 imminens
1171 1008 1241 1072 foro

113 1093 320 1156 aedificatur.
343 1113 406 1157 nec
421 1093 500 1156 urbs
522 1102 645 1155 tantum
661 1091 724 1155 hoc
739 1114 817 1175 rege
841 1095 950 1176 crevit,
974 1095 1032 1157 sed
1051 1096 1148 1158 etiam
1164 1117 1276 1178 agere

120 1178 281 1263 finesque:
315 1177 397 1243 silva
418 1176 522 1240 Mesia
545 1177 736 1242 Veientibus
768 1179 921 1263 adempta
951 1201 1055 1264 usque
1088 1180 1130 1242 ad
1153 1201 1243 1243 mare

121 1265 293 1348 imperium
316 1263 490 1348 prolatum,
522 1273 555 1328 et
581 1264 614 1326 in
649 1283 705 1328 ore
727 1263 855 1328 Tiberis
880 1263 973 1328 Ostia
1001 1266 1080 1329 urbs
1103 1266 1243 1348 condita,

122 1349 243 1414 salinae
274 1350 360 1413 circa
390 1349 507 1428 factae,
541 1349 736 1433 egregieque
767 1349 866 1414 rebus
897 1349 984 1415 bello
1019 1352 1118 1433 gestis
1146 1350 1244 1414 aedes

122 1436 210 1500 Iovis
232 1435 370 1498 Feretrii
393 1433 599 1520 amplificata.
1237 1467 1278 1530 *-

224 1520 384 1584 XXXIV.
406 1518 498 1585 Anco
520 1528 675 1604 regnante
698 1503 857 1601 Lucdmo,
879 1521 931 1583 vir
952 1521 1081 1605 inpiger
1104 1543 1142 1584 ac
1165 1521 1277 1590 divi-1

123 1607 176 1670 tiis
198 1616 324 1692 potens,
355 1605 492 1669 Romam
516 1606 742 1688 commigravit
775 1605 927 1690 cupidine
952 1607 1093 1669 maxime
1125 1629 1164 1670 ac
1186 1629 1244 1692 spe

124 1693 230 1774 magni
252 1691 395 1774 honoris,
419 1693 510 1756 cuius
533 1691 734 1776 adipiscendi
745 1690 928 1775 Tarquiniis
945 1727 985 1736 -
1002 1713 1074 1753 nam
1098 1691 1143 1755 ibi
1166 1714 1244 1777 quo·

124 1800 187 1863 que
210 1779 382 1862 peregrina
413 1779 514 1862 stirpe
548 1775 701 1840 oriundus
726 1785 856 1839 erat-
881 1774 1017 1839 facultas
1043 1798 1107 1840 non
1129 1778 1244 1850 fuerat.

124 1864 295 1928 Demarati
319 1862 477 1926 Corinthii
498 1861 582 1926 filius
606 1871 686 1943 erat,
711 1863 766 1946 qui
789 1861 831 1926 ob
855 1863 1028 1926 seditiones
1052 1863 1148 1927 domo
1195 1885 1279 1934 roa

123 1949 219 2032 fugus
242 1970 315 2012 cum
331 1948 514 2034 Tarquiniis
535 1948 619 2012 forte
636 1947 845 2029 consedisset,
868 1969 971 2011 uxore
985 1947 1032 2011 ibi
1048 1947 1145 2012 ducta
1163 1886 1245 2013 dbos

123 2033 207 2098 filios
241 2035 361 2116 genuit.
391 2037 521 2098 nomina
554 2033 604 2096 his
635 2030 782 2096 Lucumo
813 2043 912 2119 atque
947 2032 1073 2097 Arruns
1106 2033 1244 2098 fuerunt.

124 2119 271 2183 Luciimo
304 2120 462 2205 superfuit
495 2120 578 2204 patri
613 2119 772 2182 bonorum
804 2121 947 2182 omnium
973 2118 1077 2202 heres,
1119 2119 1249 2184 Arruns

124 2207 214 2291 prior
246 2229 345 2290 quam
376 2216 471 2290 pater
502 2206 639 2269 moritur
659 2227 764 2269 uxore
793 2204 929 2288 gravida
950 2202 1072 2269 relicta.
1105 2227 1165 2269 nec
1188 2206 1278 2273 diua

124 2299 234 2355 manet
249 2301 415 2376 superstes
429 2290 495 2354 filio
505 2300 613 2374 pater3
630 2291 685 2374 qui
701 2313 783 2371 cum,
798 2291 950 2374 ignorans
964 2312 1081 2354 nurum
1096 2300 1245 2355 ventrem

124 2377 219 2458 ferre,
243 2377 413 2439 immemor
436 2378 469 2440 in
491 2375 640 2440 testando
663 2377 792 2460 nepotis
817 2376 1020 2457 decessisset,
1043 2397 1145 2460 puero
1195 2385 1245 2440 ost

124 2463 177 2526 avi
198 2470 336 2526 mortem
358 2462 392 2524 in
413 2461 534 2526 nullam
558 2471 676 2524 sortem
694 2460 852 2524 bonorum
872 2470 947 2524 nato
971 2459 1011 2522 ab
1035 2460 1144 2545 inopia
1190 2484 1243 2544 ge·

125 2549 173 2611 rio
194 2548 331 2611 inditum
354 2568 481 2612 nomen.
504 2547 684 2610 Lucumoni
707 2556 820 2609 contra
842 2547 984 2608 omnium
1007 2544 1120 2609 heredi
1142 2544 1243 2610 bono-

125 2656 197 2696 rum
220 2655 292 2697 oum
317 2632 450 2697 divitiae
465 2633 530 2696 iam
545 2633 670 2696 animos
685 2631 837 2713 facerent,
861 2633 952 2694 auxit
968 2631 1064 2695 ducta
1079 2632 1112 2694 in
1135 2633 1242 2695 matri·
1263 2657 1280 2704 4

124 2719 265 2783 monium
289 2717 447 2804 Tanaquil
470 2739 595 2781 summo
618 2715 690 2781 loco
713 2726 788 2780 nata
810 2724 946 2802 atquae
968 2716 1057 2780 haud
1078 2716 1172 2782 facile
1194 2718 1242 2800 iis,

125 2805 158 2867 in
181 2804 299 2889 quibus
321 2813 398 2868 nata
420 2813 499 2882 erat,
532 2801 705 2866 humiliora
727 2802 849 2867 sineret
871 2825 918 2882 ea,
951 2823 1015 2888 quo
1037 2803 1266 2889 innupsisset„-

126 2888 356 2975 spernentibus
393 2889 540 2953 Etruscis
571 2888 794 2952 Lucumonem
833 2886 930 2952 exule
967 2889 1095 2953 advena
1126 2871 1295 2970 ortum?

123 2976 211 3040 ferre
234 2975 457 3058 indignitatem
488 2996 552 3038 non
574 2975 681 3059 potuit
711 2972 875 3058 oblitaque
897 2975 1059 3057 ingenitae
1087 2995 1164 3056 erga
1186 2996 1242 3059 pa·

123 3061 219 3124 triam
242 3062 393 3142 caritatis,
426 3059 603 3125 dummodo
626 3061 731 3122 virum
756 3059 947 3123 honoratum
971 3059 1108 3140 videret,
1140 3059 1242 3122 consi-

124 3146 201 3210 lium
224 3146 385 3230 migrandi
405 3145 447 3210 ab
462 3144 645 3232 Tarquiniis
661 3145 758 3229 cepit.
783 3144 885 3208 Roma
902 3155 950 3208 est
965 3145 1006 3208 ad
1021 3144 1055 3207 id
1076 3145 1244 3229 potissima
1262 3159 1277 3207 t

124 3232 208 3296 visa:
248 3233 281 3294 in
315 3237 400 3296 novo
440 3229 574 3317 populo,
619 3229 676 3294 ubi
718 3232 821 3293 omnis
860 3231 1030 3316 repentina
1073 3239 1171 3314 atque
1203 3253 1245 3293 cx

124 3318 244 3382 virtute
265 3315 417 3381 nobilitas
441 3317 492 3399 sit,
523 3316 664 3379 futurum
692 3314 798 3378 locum
821 3315 897 3379 forti
928 3337 965 3378 ac
997 3324 1127 3380 strenuo
1158 3316 1243 3396 vir03

123 3425 280 3486 regnasse
302 3402 430 3467 Tatium
453 3401 623 3483 Sabinum,-
645 3401 833 3464 arcessitum
857 3402 889 3463 in
912 3423 1048 3484 regnum
1063 3400 1202 3464 Numam
1226 3423 1247 3464 a

125 3487 278 3572 Curibus,
310 3498 343 3552 et
364 3487 492 3552 Ancum
515 3485 637 3552 Sabina
667 3496 770 3549 matre
802 3497 906 3550 ortum
942 3485 1151 3572 nobilemque
1181 3508 1246 3550 una

123 3575 263 3658 imagine
285 3573 411 3638 Numae
446 3595 527 3637 esse.
561 3571 655 3636 facile
677 3571 854 3657 persuadet
885 3579 922 3634 ut
944 3573 1062 3657 cupido
1085 3572 1244 3636 honorum

123 3670 162 3725 ct
182 3661 234 3724 cui
248 3658 416 3743 Tarquinii
438 3667 583 3723 materna
604 3665 727 3721 tantum
743 3657 850 3804 patria
865 3667 959 3723 esset.
983 3656 1118 3721 sublatis
1137 3658 1246 3740 itaque

124 3745 224 3811 rebus
240 3747 399 3828 amigrant
413 3743 558 3808 Romam.
583 3744 624 3806 ad
640 3743 753 3806 lanicu
767 3764 822 3805 um
842 3741 931 3806 forte
942 3752 1088 3808 sentum
1109 3749 1197 3800 enat.
1209 3739 1307 3794 'isius

122 3833 155 3898 oi
185 3827 339 3916 carpento
369 3829 496 3897 sedenti
528 3851 604 3898 cum
636 3852 745 3898 uxore
778 3828 895 3918 aquila
926 3825 1109 3910 suspensis
1139 3814 1299 3876 demissa
