2738 4146
350 120 461 173 muna
478 121 526 171 na
546 120 623 172 csr.
641 121 683 170 to.
702 122 744 171 n.
764 119 798 187 [ι.
817 120 850 172 u.
869 139 891 172 a
910 121 980 190 ³0⁵]-
1215 111 1278 168 217

88 299 156 362 iam
178 316 268 361 nunc
288 295 335 358 ita
357 309 398 357 ss'
415 313 533 380 parare
555 292 620 378 Ap.
645 289 827 371 Claudium,
851 302 889 356 ut
911 294 1124 371 comitiorum,
1143 317 1228 382 quae

90 380 290 449 decemviris
327 379 475 444 creandis
513 379 680 442 decemvir
723 380 794 464 ipse
839 378 1000 460 habuerit,
1046 381 1127 444 sciat
1165 381 1227 443 sibi

89 471 251 534 rationem
282 464 486 529 reddendam
519 486 603 535 esse.
636 475 746 528 utrum
780 465 813 528 in
843 487 944 528 unum
977 488 1096 530 annum
1127 468 1228 531 creati

91 558 165 637 sint,
190 575 233 618 an
256 552 361 616 donec
383 549 482 634 leges,
508 573 593 638 quae
616 549 778 631 deessent,
800 551 1036 697 perferrentur.
1075 554 1107 616 in
1135 570 1280 636 prae-13

92 641 200 710 sentia
221 639 332 702 omnia
352 645 484 723 praeter
506 635 629 700 bellum
654 637 756 700 omitti
785 657 928 720 pacere;
963 639 1054 701 cuius
1087 639 1114 702 si
1145 638 1227 703 falso

91 723 404 807 famarnvulgatam
427 744 578 808 vanaque
600 743 667 786 uon
688 723 817 785 nuntios
841 721 956 801 solnm,
991 724 1049 786 sed
1072 724 1228 788 Tuscula·

93 834 212 878 norum
236 811 334 875 etiam
355 808 483 891 legatos
503 807 650 871 attulisse
665 818 790 892 putent,
815 808 1037 893 speculatores
1052 810 1228 874 mittendos

93 919 242 977 censere,
266 897 323 981 qui
346 895 466 958 certius
489 893 660 979 explorata
682 893 838 971 referant3
868 896 916 958 sin
939 894 1022 958 fides
1045 906 1079 960 et
1105 896 1228 960 nuntiis
1248 899 1281 946 14
1334 919 1336 924 ·

95 995 127 1050 et
148 983 266 1068 legatis
288 979 458 1062 habeatur,
483 979 636 1058 dilectum
659 981 765 1065 primo
790 1001 921 1065 quoque
943 991 1092 1066 tempore
1112 981 1228 1045 haberi

95 1082 127 1137 et
149 1068 357 1134 decemviros
379 1089 445 1153 quo
468 1068 586 1150 cuique
610 1086 721 1130 eornm
744 1065 896 1130 videatur
919 1069 1082 1132 exercitus
1098 1068 1228 1150 ducere,

93 1179 153 1222 nec
176 1177 248 1218 rem
271 1151 367 1216 aliam
388 1153 561 1236 praeverti.

140 1272 143 1277 ·
197 1238 292 1304 XLI.
329 1239 368 1302 In
399 1237 486 1303 hano
517 1238 712 1302 sententiam
742 1246 779 1300 ut
810 1236 1045 1318 discederetur,
1083 1239 1265 1303 iuniores1

117 1338 225 1392 atrum
264 1323 470 1389 evincebant.
508 1323 751 1406 ferocioresque
788 1324 904 1385 iterum
944 1327 1054 1388 coorti
1079 1323 1229 1389 Valerius

94 1352 322 1496 lloratiusque
353 1410 535 1491 vociferari,
571 1419 609 1474 ut
640 1409 682 1472 de
717 1430 753 1471 re
788 1409 922 1495 publica
958 1409 1073 1474 liceret
1104 1411 1227 1476 dicere:

98 1501 244 1564 dicturos
267 1496 310 1561 ad
331 1495 498 1581 populum,
523 1496 550 1559 si
572 1496 605 1557 in
628 1503 745 1559 senatu
767 1517 828 1579 per
846 1494 1021 1561 factionem
1036 1518 1102 1561 non
1117 1497 1228 1579 liceat3

96 1607 204 1671 neque
228 1583 314 1646 enim
337 1581 400 1646 sibi
422 1583 568 1668 privatos
590 1581 702 1644 autin
725 1581 816 1643 curia
838 1591 894 1645 aut
916 1582 949 1643 in
965 1585 1115 1646 contione
1130 1605 1229 1667 posse

96 1672 238 1750 obstare,
261 1690 370 1753 neque
394 1690 428 1732 se
450 1669 649 1751 imaginariis
671 1665 816 1730 fascibus
839 1688 950 1731 eorum
974 1690 1124 1738 cessuros
1145 1692 1227 1733 esse.

95 1768 164 1822 tum
186 1755 326 1840 Appius,
348 1755 412 1817 iam
436 1775 540 1840 prope
563 1774 635 1817 esse
657 1760 757 1830 ratus,
788 1761 834 1833 ut,
863 1753 896 1815 ni
918 1752 1099 1818 violentiae·
1115 1760 1264 1819 eorum2

96 1843 168 1928 pari
190 1844 399 1906 resisteretur
421 1839 566 1920 audacia,
588 1840 712 1908 victum
735 1839 907 1922 imperium
931 1850 1027 1922 esset,
1062 1862 1146 1922 „non
1169 1843 1230 1905 erit
1248 1849 1263 1896 3

97 1927 234 1993 melius“
257 1927 373 2012 iuquit,
399 1926 480 2010 „nisi
503 1926 545 1988 de
569 1945 633 2011 quo
658 1923 865 2005 consulimus,
888 1947 1003 1990 vocem
1026 1926 1173 1991 misisse“
1198 1936 1230 1991 et

96 2015 138 2078 ad
160 2011 331 2077 Valerium
353 2021 528 2096 negantem
543 2033 578 2075 sc
593 2011 721 2095 privato
737 2012 884 2092 reticere,
908 2011 1056 2076 lictorem
1070 2013 1229 2077 accedere

95 2099 199 2165 iussit.
237 2100 302 2162 iam
337 2095 512 2176 Quiritium
548 2097 649 2160 fidem
680 2094 874 2181 implorante
906 2097 1037 2163 Valerio
1071 2122 1089 2162 a
1121 2101 1229 2164 curiae
1246 2101 1265 2155 ’4

96 2185 216 2266 limine,
238 2184 279 2248 L.
303 2182 473 2248 Cornelius
497 2183 676 2268 conplexus
698 2181 845 2267 Appium
878 2206 943 2247 non
975 2185 1027 2248 oui
1055 2184 1230 2250 simulabat

96 2270 299 2336 consulendo
314 2269 444 2333 diremit
459 2278 638 2350 certamem
655 2268 741 2331 facta
767 2292 807 2332 ue
824 2291 882 2353 per
897 2269 1083 2333 Cornelium
1095 2272 1228 2335 Valerio

99 2357 227 2422 dicendi
251 2357 367 2440 gratia,
399 2377 484 2441 quae
505 2353 615 2435 vellet,
648 2375 722 2417 cum
744 2292 886 2418 libertas
917 2377 983 2418 non
1005 2357 1092 2419 ultra
1113 2378 1228 2421 vocem

97 2443 303 2525 excessisset,
328 2441 507 2506 decemviri
529 2441 733 2527 propositum
756 2451 900 2503 tenuere.
940 2441 1126 2505 consulares
1150 2452 1264 2527 quo-5

97 2552 163 2616 que
186 2550 226 2593 ac
248 2529 391 2592 seniores
414 2527 456 2592 ab
478 2527 610 2591 residuo
633 2527 825 2591 tribuniciae
841 2529 1011 2612 potestatis
1028 2528 1112 2604 odio,
1137 2530 1229 2591 cuius

99 2614 298 2680 desiderium
335 2611 424 2697 plebi
460 2611 562 2676 multo
600 2614 706 2677 acrius
745 2635 843 2697 qnam
882 2613 1060 2678 consularis
1101 2615 1228 2698 imperii

96 2701 256 2765 rebantur
278 2722 360 2779 esse,
392 2720 495 2785 prope
518 2698 684 2762 malebant
706 2700 878 2785 postmodo
909 2701 1000 2785 ipsos
1024 2700 1228 2764 decemviros

95 2786 264 2852 voluntate
296 2784 386 2849 abire
419 2787 610 2868 magistratu
643 2807 741 2870 quam
768 2786 891 2849 invidia
914 2808 1027 2851 eorum
1050 2809 1228 2871 exsurgere

96 2895 211 2938 rursus
233 2868 379 2956 plebem,
418 2872 446 2934 si
467 2869 586 2935 leniter
609 2870 708 2935 ducta
738 2894 792 2935 res
824 2873 892 2934 sine
915 2872 1069 2958 populari
1092 2877 1265 2959 strepitut
1317 2934 1320 2941 .

95 2960 138 3022 ad
162 2956 314 3022 consules
336 2957 485 3038 redisset,
509 2966 566 3021 aut
587 2956 682 3021 bellis
704 2958 903 3039 interpositis
927 2969 982 3021 ant
1005 2959 1228 3023 moderatione

94 3042 269 3110 consulum
291 3045 324 3106 in
345 3042 489 3129 imperiis
514 3044 706 3107 exercendis
729 3066 827 3129 posse
851 3045 884 3106 in
907 3044 1104 3108 oblivionem
1126 3046 1227 3108 tribu·

95 3152 212 3195 norum
256 3128 365 3193 lebem
388 3130 517 3193 adduci.

203 3153 339 3280 Silentio
361 3225 492 3298 patrum
516 3214 655 3279 edicitur
682 3214 829 3278 dilectus.
867 3216 1018 3297 iuniores,
1052 3238 1126 3278 cum
1159 3218 1263 3281 sinet

95 3303 329 3386 provocatione
350 3302 524 3385 imperium
546 3311 642 3382 esset,
667 3300 707 3363 ad
731 3303 862 3364 nomina
883 3303 1094 3387 respondent.
1127 3301 1227 3386 legio·

96 3387 192 3451 nibus
215 3388 346 3473 scriptis
368 3387 454 3452 inter
476 3409 510 3451 se
534 3387 711 3450 decemviri
735 3386 978 3472 comparabant,
1003 3410 1084 3474 quos
1108 3389 1155 3453 ire
1185 3389 1227 3452 ad

97 3472 229 3556 bellum,
253 3495 335 3558 quos
356 3495 511 3558 praeesse
536 3471 733 3536 exercitibus
758 3481 930 3556 oporteret.
954 3475 1120 3559 principes
1143 3475 1227 3538 inter
1246 3489 1261 3536 8

97 3559 300 3625 decemviros
323 3569 416 3623 erant
439 3557 479 3638 Q.
503 3559 626 3623 Fabius
650 3568 682 3622 et
704 3558 768 3645 Ap.
794 3558 959 3623 Claudius.
991 3560 1113 3625 bellum
1139 3561 1227 3625 domi

96 3647 200 3710 maius
223 3667 321 3732 quam
343 3644 422 3709 foris
445 3644 635 3731 apparebat.
660 3645 761 3730 Appii
784 3645 972 3709 violentiam
990 3647 1148 3732 aptiorem
1163 3648 1224 3710 rat'

98 3731 140 3795 ad
162 3731 417 3816 conprimendos
439 3731 583 3795 urbanos
607 3740 728 3812 motus3
766 3732 799 3794 in
822 3730 924 3795 Fabio
948 3734 1054 3797 minus
1081 3734 1115 3796 in
1136 3733 1223 3798 bono

96 3826 244 3884 constans
268 3839 363 3904 quam
386 3839 507 3881 navum
529 3819 562 3880 in
585 3816 707 3880 malitia
729 3817 895 3902 ingenium
918 3841 1002 3883 esse.
1029 3819 1118 3883 hunc
1140 3822 1264 3882 enims
