2738 4146
345 111 455 160 urana
472 110 494 161 1.
513 109 589 159 oar.
608 113 649 160 ss.
668 111 710 160 or.
731 108 767 177 [s.
787 110 821 160 u.
839 127 862 161 ο.
882 110 1037 178 rao-atq.
1245 95 1294 156 49,

96 283 243 361 lecisset,
266 283 367 365 ipsius
390 283 475 363 regis
498 302 562 344 non
585 292 651 344 tam
675 281 781 345 subito
806 303 927 364 pavore
951 281 1088 367 perculit
1111 293 1235 368 pectus,

103 391 201 454 quam
225 370 328 430 anxiis
350 367 486 452 inplevit
509 369 605 430 curis.
629 369 738 451 itaque
762 390 834 430 oum
863 367 903 429 ad
930 367 1061 452 publica
1088 370 1272 453 prodigiat

102 455 234 519 Etrusci
271 465 394 516 tantum
438 463 529 516 vates
564 452 806 533 adhiberentur,
844 453 906 516 hoc
937 453 1027 517 velut
1059 454 1235 518 domestico
1274 507 1277 511 .

103 542 278 604 exterritus
294 541 366 602 visu
380 537 529 624 Delphos
547 539 588 600 ad
604 540 745 601 maxime
757 539 903 602 inclitum
919 540 950 602 in
961 541 1055 603 terris
1069 540 1234 604 oraculum

101 629 230 690 mittere
254 627 380 706 statuit;
403 646 511 709 neque
533 647 690 709 responsa
714 627 848 688 sortium
871 624 929 688 ulli
951 625 1005 688 alii
1033 629 1235 690 committere
1257 649 1271 695 o

102 735 200 776 ausus
226 712 306 774 duos
329 710 411 774 filios
434 733 495 794 per
518 711 645 793 ignotas
669 733 708 774 ea
721 721 917 795 tempestate
936 719 1051 790 terras,
1075 714 1236 796 ignotiora

101 800 204 862 maria
225 800 257 861 in
282 797 454 860 Graeciam
482 798 577 860 misit.
601 797 692 859 Titus
725 808 756 860 et
790 799 916 860 Arruns
945 797 1092 882 profecti.
1126 821 1270 868 comest

16 921 17 924 ¹
101 886 140 948 iis
164 884 294 946 additus
317 885 355 946 L.
379 882 492 946 Iunius
515 882 646 963 Brutus,
674 883 850 967 Tarquinia
878 905 989 946 sorore
1016 885 1102 967 regis
1129 895 1235 967 natus,
1314 894 1320 905 '

100 972 227 1034 iuvenis
243 968 338 1052 longe
355 967 435 1031 alius
451 970 589 1051 ingenio,
607 971 805 1053 quanicuius
822 967 1060 1033 simulationem
1075 971 1234 1034 induerat.

100 1058 128 1120 is
146 1079 220 1119 cum
236 1057 393 1140 primores
410 1055 560 1133 civitatis,
583 1056 615 1116 in
629 1055 746 1138 quibus
758 1055 892 1118 fratrem
909 1077 1002 1130 suum
1017 1056 1059 1118 ab
1072 1055 1234 1121 avunculo

100 1142 306 1206 interfectum
337 1141 490 1220 audisset,
522 1162 628 1225 neque
660 1142 692 1202 in
722 1143 829 1204 animo
861 1163 919 1204 suo
954 1144 1128 1226 quicquam
1166 1145 1235 1226 regi

100 1228 283 1291 timendum
306 1249 412 1311 neque
435 1228 467 1289 in
489 1226 619 1289 fortuna
641 1227 938 1312 concupiscendum
964 1227 1149 1314 relinquere
1172 1240 1234 1292 sta·

100 1316 163 1377 tuit
187 1324 447 1397 contemptuque,
462 1322 550 1375 tutus
574 1335 655 1391 esse,
687 1312 743 1374 ubi
766 1314 797 1375 in
831 1315 902 1377 iure
933 1336 1049 1398 parum
1080 1315 1235 1399 praesidii

101 1409 197 1465 esset.
222 1421 298 1482 ergo
323 1421 365 1461 ex
386 1399 544 1462 industria
565 1398 670 1461 factus
693 1399 734 1462 ad
749 1399 963 1462 imitationem
985 1398 1137 1462 stultitiae
1160 1423 1235 1464 cum
1255 1415 1270 1462 8

100 1509 137 1550 se
170 1507 293 1571 suaque
325 1485 469 1569 praedae
502 1507 573 1548 esse
592 1486 672 1568 -regi
704 1487 833 1564 sineret,
866 1483 959 1548 Bruti
991 1507 1122 1571 quoque
1144 1487 1234 1551 haud

99 1573 216 1636 abnuit
239 1593 427 1652 cognomen,
455 1580 491 1633 ut
518 1570 578 1633 sub
603 1572 671 1633 eius
696 1571 829 1633 obtentu
854 1568 1054 1654 cognominis
1077 1572 1234 1637 liberator

100 1658 155 1722 ille
178 1657 291 1743 populi
313 1657 449 1720 Romani
473 1658 597 1720 animus
624 1655 728 1720 latens
757 1659 962 1742 opperiretur
988 1667 1137 1743 tempora
1163 1681 1231 1723 sua.

100 1748 127 1809 is
149 1755 219 1807 tum
242 1744 283 1806 ab
299 1744 483 1828 Tarquiniis
499 1743 615 1806 ductus
630 1741 790 1827 Delphos,
813 1741 990 1806 ludibrium
1009 1746 1118 1808 verius
1135 1767 1233 1830 quam
1252 1766 1267 1811 9

101 1853 222 1910 comes,
246 1852 380 1892 aureum
397 1828 548 1892 baculum
562 1827 721 1892 inclusum
738 1847 856 1893 corneo
874 1839 988 1893 cavato
1009 1830 1048 1892 ad
1066 1831 1100 1892 id
1115 1830 1232 1896 baculo

99 1916 213 1980 tulisse
237 1915 357 1978 donum
381 1914 526 2000 Apollini
549 1914 676 1995 dicitur,
699 1938 759 1999 per
773 1915 928 1998 ambages
950 1915 1090 1999 effigiem
1113 1918 1232 1999 ingenii

100 2005 160 2067 sui.
198 2024 262 2087 quo
295 2012 466 2086 postquam
497 2011 631 2064 ventum
663 2011 721 2082 est,
753 2001 907 2086 perfectis
939 2004 1039 2087 patris
1071 2005 1231 2068 mandatis
1251 2027 1284 2074 10

100 2087 219 2174 cupido
241 2089 374 2150 incessit
395 2089 519 2150 animos
541 2089 694 2151 iuvenum
710 2088 904 2164 sciscitandi,
933 2087 975 2150 ad
999 2111 1094 2172 quem
1120 2111 1231 2153 eorum

100 2197 237 2259 regrum
260 2174 442 2236 Romanum
464 2183 551 2236 esset
581 2183 765 2236 venturum.
795 2195 837 2236 ex
858 2173 968 2237 infimo
993 2198 1095 2258 specu
1117 2199 1232 2240 vocem
1290 2242 1292 2246 Α

99 2261 262 2324 redditam
284 2260 405 2322 ferunt:
432 2260 621 2342 „imperium
654 2283 815 2323 summum
845 2259 968 2324 Romae
1001 2259 1144 2341 habebit,
1177 2264 1232 2347 qui

99 2355 246 2411 vestrum
261 2348 395 2430 primus,
419 2366 436 2407 o
453 2347 598 2425 iuvenes,
623 2345 769 2409 osculum
786 2347 880 2409 matri
895 2345 1034 2409 tulerit.“
1054 2347 1230 2432 Tarquinii,
1247 2375 1278 2420 11

99 2442 136 2496 ut
159 2431 288 2511 Sextus,
312 2433 367 2517 qui
389 2432 513 2495 Romae
536 2431 667 2494 relictus
695 2432 809 2509 fuerat,
838 2433 970 2515 ignarus
998 2436 1146 2516 responsi
1176 2457 1230 2496 ex-

99 2541 242 2604 persque
264 2519 393 2602 imperii
417 2527 512 2596 esset,
536 2539 605 2579 rem
629 2540 754 2580 summa
778 2541 839 2602 ope
870 2519 973 2581 taceri
1004 2519 1130 2597 iubent3
1167 2521 1230 2604 ipsi

98 2607 182 2667 inter
215 2626 259 2686 se,
291 2614 364 2667 uter
385 2605 484 2689 prior,
518 2625 589 2666 oum
613 2603 750 2666 Romam
771 2605 942 2685 redissent,
965 2606 1060 2666 matri
1084 2605 1231 2669 osculum

99 2691 203 2769 daret,
226 2690 304 2754 sorti
326 2691 527 2774 permittunt.
552 2688 673 2753 Brutus
695 2688 758 2753 alio
775 2700 864 2753 ratus
888 2699 1038 2774 spectare
1059 2690 1231 2773 Pythicam

97 2798 224 2858 vocem,
246 2775 337 2839 velut
359 2777 385 2839 si
407 2775 580 2860 prolapsus
604 2776 784 2856 cecidisset,
808 2787 927 2840 terram
952 2775 1062 2839 osculo
1087 2780 1229 2861 contigit,
1250 2804 1282 2852 12

98 2861 222 2926 scilicet
245 2861 332 2946 quod
356 2884 395 2925 ea
417 2863 596 2926 communis
624 2873 728 2926 mater
755 2864 897 2925 omnium
925 2861 1107 2926 mortalium
1136 2873 1230 2928 esset.

97 2949 238 3012 reditum
261 2948 336 3010 inde
358 2948 505 3027 Romam,
529 2947 584 3010 ubi
608 2949 767 3012 adversus
789 2947 927 3012 Rutulos
954 2948 1076 3012 bellum
1105 2972 1231 3013 summa
1249 2972 1280 3022 13

97 3036 131 3097 vi
152 3033 339 3120 parabatur.
853 3079 857 3089 ι

201 3119 308 3182 LVII.
331 3118 477 3182 Ardeam
500 3119 610 3184 Rutuli
632 3119 810 3199 habebant,
831 3142 910 3202 gens
933 3130 969 3184 ut
990 3121 1023 3182 in
1044 3143 1082 3184 ea
1096 3123 1230 3204 regione

98 3214 131 3269 at
157 3229 198 3269 ue
225 3207 257 3268 in
282 3228 320 3270 ea
347 3216 451 3268 aetate
485 3205 604 3269 divitiis
638 3205 854 3292 praepollens.
894 3228 999 3292 eaque
1030 3207 1102 3291 ipsa
1133 3229 1263 3286 causa1

97 3228 177 3354 belli
199 3291 269 3371 suit,
298 3292 386 3376 quod
417 3313 478 3354 rex
505 3292 669 3356 Romanus
702 3315 775 3356 cum
806 3293 877 3377 ipse
911 3292 1014 3371 ditari,
1051 3293 1229 3357 exhaustus

96 3378 337 3460 magnificentia
377 3376 583 3462 publicorum
621 3401 765 3463 operum,
808 3388 877 3441 tum
914 3378 1039 3463 praeda
1086 3377 1229 3443 delenire

14 3485 20 3494 ·
96 3462 303 3548 popularium
326 3465 449 3527 animos
473 3464 634 3546 studebat,
659 3473 792 3547 praeter
814 3463 910 3527 aliam
926 3464 1112 3549 superbiam
1129 3487 1229 3548 regno

79 3551 231 3614 ‘infestos
256 3552 363 3628 etiam,
399 3550 486 3635 quod
520 3573 555 3613 se
587 3553 619 3614 in
651 3550 818 3614 fabrorum
850 3551 1035 3614 ministeriis
1059 3573 1096 3614 ac
1119 3550 1263 3632 servili2

96 3647 163 3699 tam
187 3636 242 3700 diu
266 3636 394 3699 habitos
418 3656 517 3720 opere
540 3636 581 3699 ab
605 3659 683 3720 rege
706 3636 965 3719 indignabantur.
996 3647 1155 3723 temptata
1176 3660 1228 3702 res

96 3731 155 3803 est,
180 3723 207 3786 si
230 3724 334 3807 primo
357 3723 482 3806 impetu
506 3725 578 3808 oapi
600 3723 712 3787 Ardea
734 3733 856 3807 posset.
880 3722 938 3786 ubi
959 3723 995 3785 id
1016 3746 1142 3806 narum
1156 3745 1240 3801 qas-
1263 3752 1288 3790 Ἃ

96 3809 201 3883 cessit,
227 3808 394 3872 obsidione
418 3809 719 3897 munitionibusque
744 3808 1137 3898 coeptipreniihostes.
1151 3800 1287 3862 'mma

137 3907 239 3944 ΜΛΝ,
1161 3903 1184 3944 ⁸2
