2738 4146
91 108 150 164 128
353 114 463 170 LIBER
480 121 551 171 XXL
571 119 647 171 OAP.
666 124 708 172 27.
726 123 768 171 28.
788 118 826 189 [a.
844 119 879 171 U.
896 114 923 171 ci
937 117 1011 187 536]

140 291 258 356 bantur
279 302 410 378 praeter
433 314 498 365 eos,
532 314 614 377 quos
637 293 787 356 instratos
809 290 1026 374 frenatosque,
1048 298 1086 354 ut
1108 288 1277 377 extemplo

141 399 273 462 egresso
305 380 339 440 in
371 379 475 465 ripam
508 379 608 464 equiti
637 379 711 443 usui
734 385 851 459 essent,
874 379 1084 463 inposuerant
1105 376 1138 438 in
1161 397 1273 441 naves.

106 480 120 528 1
225 462 386 527 XXVIII.
411 463 497 528 Galli
526 473 697 528 occursant
722 465 755 526 in
781 464 853 548 ripa
880 485 955 526 cum
978 461 1075 525 variis
1097 459 1277 527 ululatibus

140 559 302 634 cantuque
325 551 424 614 moris
448 551 497 614 sui
530 552 710 635 quatientes
733 558 823 626 scuta
846 571 945 635 super
966 549 1074 635 capita
1095 547 1275 612 vibrantes·

106 651 121 699 2
140 656 203 720 que
227 635 350 700 dextris
373 635 447 717 tela,
473 657 671 721 quamquam
687 645 775 701 etex
791 635 930 699 adverso
952 634 1098 698 terrebat
1119 643 1208 698 tanta
1223 636 1304 701 vis-

138 721 271 786 navium
303 743 376 794 cunr
409 723 532 805 ingenti
554 745 633 787 sono
665 722 805 786 fluminis
829 730 861 784 et
884 720 1024 795 clamore
1046 719 1139 785 vario
1161 731 1273 785 nauta-

137 829 219 886 rum,
244 806 390 888 militum,
415 817 447 872 et
469 809 525 893 qui
547 807 733 872 nitebantur
746 828 959 894 perrumpere
979 808 1136 892 impetum
1168 804 1272 870 flumi-

102 894 198 973 snis,
223 895 334 979 etqui
357 916 399 958 ex
422 894 524 957 altera
546 895 616 980 ripa
638 895 821 958 traicientes
845 915 920 957 suos
953 890 1177 956 hortabantur.
1209 893 1273 957 iam

139 979 214 1042 satis
245 989 402 1063 paventes
429 980 568 1044 adverso
595 979 734 1044 tumultu
760 977 935 1044 terribilior
957 977 998 1041 ab
1022 987 1113 1060 tergo
1138 977 1273 1043 adortus

96 1107 97 1111 =
139 1064 262 1129 clamor
293 1066 407 1129 castris
438 1066 478 1129 ab
502 1066 662 1130 Hannone
691 1067 800 1153 captis.
824 1086 902 1129 mox
924 1073 957 1129 et
978 1064 1048 1149 ipse
1071 1063 1195 1145 aderat,
1219 1085 1274 1127 an·

139 1172 281 1237 cepsque
304 1160 409 1216 terror
430 1151 659 1216 circumstabat
681 1161 714 1216 et
735 1149 907 1214 anavibus
922 1159 1011 1214 tanta
1025 1149 1058 1213 vi
1073 1158 1273 1215 armatorum

103 1255 120 1302 1
138 1237 171 1300 in
186 1246 306 1301 terram
322 1238 481 1302 evadente
498 1247 530 1302 et
545 1239 585 1301 ab
601 1247 693 1322 tergo
709 1238 874 1323 inprovisa
912 1244 1057 1300 remonte
1073 1235 1272 1312 acie..Galli‚

137 1332 311 1409 postquam
332 1332 471 1408 utroque
492 1323 560 1388 vim
579 1323 688 1387 facere
711 1323 816 1387 conati
830 1260 1046 1408 pellebantur,
1071 1342 1136 1407 qua
1158 1331 1274 1408 patere

137 1411 244 1472 visum
265 1411 406 1472 maxime
429 1411 501 1490 iter,
531 1418 745 1496 perrumpunt
768 1408 951 1494 trepidique
974 1410 1005 1471 in
1037 1408 1127 1471 vicos
1151 1409 1274 1494 passim

139 1517 213 1559 suos
247 1493 426 1578 diffugiunt.
459 1494 623 1559 Hannibal
653 1496 767 1558 ceteris
791 1496 892 1580 copiis
914 1515 975 1580 per
997 1496 1097 1558 otium
1118 1495 1272 1574 traiectis,

139 1602 295 1666 spernens
317 1583 382 1645 iam
406 1579 549 1646 Gallicos
571 1580 737 1663 tumultus,
761 1590 866 1645 castra
888 1579 982 1645 locat.

102 1685 118 1732 t
223 1665 482 1752 Elephantorum
502 1667 754 1731 traiciendorum
775 1667 867 1729 varia
890 1663 1023 1730 consilia
1038 1663 1139 1728 fuisso
1161 1663 1272 1743 credo,

138 1761 226 1816 certe
250 1755 353 1817 variat
374 1756 530 1817 memoria
552 1763 643 1817 actae
657 1753 715 1817 rei.
739 1752 872 1837 quidam
888 1751 1092 1835 congregatis
1108 1748 1149 1812 ad
1165 1749 1272 1835 ripam

138 1836 316 1923 elephantis
347 1839 480 1903 madunt
508 1839 744 1904 ferocissimum
766 1861 808 1902 ex
829 1839 869 1901 iis
890 1839 1055 1902 inritatum
1077 1834 1119 1901 ab
1142 1846 1271 1901 rectore

138 1946 207 2005 suo,
232 1946 307 1988 oum
328 1923 544 2006 refugientem
565 1927 597 1989 in
621 1947 740 2010 aquam
763 1947 797 1989 se
821 1933 962 2003 ueretur,
985 1931 1116 1987 nantem
1131 1925 1272 1987 traxisse

138 2031 281 2093 gregem,
303 2018 339 2073 ut
354 2031 517 2095 quemque
531 2011 699 2075 timentem
715 1947 917 2075 altitudinem
934 2010 1123 2074 destitueret
1136 2008 1279 2092 vadum,¹
1292 2045 1313 2063 κ

102 2096 261 2181 simpetu
290 2097 361 2181 ipso
393 2094 534 2159 fluminis
565 2099 597 2161 in
631 2096 765 2161 alteram
797 2097 902 2182 ripam
937 2096 1092 2183 rapiente.
1124 2102 1274 2159 ceterum

137 2181 240 2265 magis
271 2190 398 2246 constat
419 2183 543 2247 ratibus
559 2184 724 2260 traiectos3
755 2182 789 2244 id
812 2190 848 2246 ut
869 2184 967 2246 tutius
991 2178 1161 2246 consilium
1196 2189 1273 2245 ante

103 2289 118 2335 1
137 2289 207 2331 rem
228 2267 321 2350 foret,
343 2269 388 2332 ita
409 2277 481 2332 acta
502 2290 539 2331 re
562 2269 602 2332 ad
625 2268 726 2333 fidem
741 2270 875 2355 pronius
892 2277 948 2333 est.
971 2276 1075 2331 ratem
1096 2287 1197 2331 unam
1212 2265 1271 2331 du·

137 2363 248 2418 centos
270 2352 401 2436 longam
423 2355 534 2440 pedes,
558 2356 790 2440 quinquaginta
812 2353 911 2418 latam
933 2375 953 2416 a
973 2362 1062 2417 terra
1083 2354 1116 2417 in
1140 2373 1271 2417 amnem

135 2450 360 2525 porrexerunt,
394 2462 501 2526 quam,
531 2463 572 2505 ne
603 2440 747 2505 secunda
775 2461 862 2525 aqua
893 2439 1083 2520 deferretur,
1118 2436 1271 2525 pluribus

135 2523 252 2590 validis
274 2526 461 2590 retinaculis
483 2537 575 2613 parte
607 2529 774 2612 superiore
795 2528 885 2612 ripae
916 2524 1086 2609 religatam
1106 2526 1215 2610 pontis
1237 2525 1271 2587 in

136 2611 270 2676 modum
292 2612 391 2677 humo
414 2614 530 2677 iniecta
545 2620 801 2692 constraverunt,
823 2620 860 2676 ut
873 2610 991 2676 beluae
1007 2610 1165 2676 audacter
1179 2607 1271 2674 velut

100 2722 116 2770 g
136 2720 196 2782 per
218 2697 323 2762 solum
346 2699 602 2781 ingrederentur.
627 2698 729 2763 altera
751 2698 827 2762 ratis
843 2718 949 2783 aeque
964 2696 1038 2774 lata,
1053 2695 1153 2780 longa
1166 2694 1270 2783 pedes

138 2793 277 2864 centum,
301 2784 340 2845 ad
365 2785 578 2848 traiciendum
600 2783 721 2848 flumen
740 2792 825 2870 apta,
847 2782 924 2847 huic
946 2782 1097 2871 copulata
1114 2790 1177 2863 est3
1201 2791 1271 2846 tum

138 2867 301 2954 elephanti
323 2891 383 2954 per
406 2869 554 2934 stabilem
575 2880 678 2934 ratem
709 2880 874 2955 tamquam
904 2871 992 2934 viam
1012 2867 1270 2957 praegredienti-

136 2952 198 3018 bus
226 2954 351 3018 feminis
374 2959 446 3036 acti,
469 2955 529 3041 ubi¹
545 2958 577 3020 in
593 2957 751 3021 minorem
767 2954 960 3042 adplicatam
974 2955 1169 3038 transgressi
1185 2962 1269 3045 punt,

99 3055 114 3099 o
137 3039 301 3126 extemplo
323 3041 484 3123 resolutis,
508 3041 625 3126 quibus
648 3040 763 3107 leviter
785 3043 914 3106 adnexa
937 3050 1015 3125 erat,
1046 3039 1195 3122 vinculis,
1228 3038 1269 3102 ab

88 3144 118 3190 ro
138 3129 287 3190 actuariis
311 3125 434 3213 aliquot
454 3129 592 3192 navibus
616 3128 657 3190 ad
681 3129 815 3193 alteram
846 3130 952 3215 ripam
983 3126 1193 3214 pertrahitur.
1225 3126 1270 3189 its

136 3213 248 3298 primis
272 3216 426 3301 expositis
449 3212 503 3277 alii
526 3213 643 3278 deinde
659 3216 787 3302 repetiti
802 3236 842 3279 ac
855 3214 980 3280 traiecti
998 3211 1175 3279 suntnihil
1192 3232 1269 3275 sane

136 3298 350 3384 trepidabant,
377 3300 482 3364 donec
505 3303 679 3365 continenti
701 3300 791 3366 velut
809 3309 909 3387 ponte
933 3309 1120 3384 agerentur3
1143 3300 1268 3385 primus

138 3394 206 3448 erat
227 3408 340 3471 pavor,
363 3409 437 3450 cum
460 3385 564 3451 soluta
585 3387 626 3449 ab
651 3389 766 3461 ceteris
792 3394 862 3450 rate
887 3386 922 3464 in
945 3387 1044 3450 altum
1067 3393 1266 3473 raperentur.

87 3485 116 3531 11
136 3470 182 3534 ibi
204 3480 355 3555 urgentes
377 3473 460 3536 inter
482 3495 526 3552 se,
551 3472 740 3537 cedentibus
768 3473 920 3535 extremis
943 3472 984 3535 ab
1009 3493 1104 3558 aqua,
1126 3469 1267 3558 trepida·

136 3557 232 3621 tionis
255 3557 455 3642 aliquantum
478 3557 628 3640 edebant,
652 3560 755 3623 donec
779 3558 918 3642 quietem
935 3559 1006 3643 ipse
1021 3559 1117 3623 timor
1133 3558 1267 3621 circum·

87 3658 118 3704 12
140 3643 362 3729 spectantibus
385 3665 503 3729 aquam
525 3645 664 3708 fecisset.
688 3643 840 3707 excidere
868 3643 964 3707 etiam
987 3645 1168 3708 saevientes
1200 3642 1266 3793 qui·

137 3729 213 3792 dam
234 3728 267 3791 in
289 3728 424 3811 flumen3
447 3730 503 3794 sed
527 3730 672 3816 pondere
694 3733 766 3814 ipso
787 3727 919 3793 stabiles
935 3729 1070 3795 deiectis
1085 3730 1206 3795 rectori
1229 3748 1267 3793 ns

136 3815 331 3898 quaerendis
354 3815 555 3901 pedetentim
576 3816 669 3880 vadis
690 3818 723 3880 in
744 3824 864 3879 terram
887 3836 1031 3880 evasere.
