2738 4146
87 134 148 190 182
349 146 458 196 arana
476 146 561 196 xxrr.
581 145 657 195 cir.
676 148 717 196 aa.
736 149 778 197 so.
798 144 831 212 [a.
849 145 882 196 u.
902 161 924 198 ο.
944 143 1013 213 ssu.

102 333 117 382 '1
240 316 292 381 Ita
314 340 375 403 per
396 319 520 381 variam
542 317 704 382 fortunam
728 316 794 381 diei
809 317 932 391 maiore
954 324 1049 399 parte
1065 326 1183 381 exacta
1197 339 1270 381 cum

100 421 117 471 8
136 404 170 467 in
193 413 300 468 castra
320 404 461 467 reditum
478 414 573 486 esset,
597 402 758 467 Minucius
774 402 962 467 convocatis
978 400 1135 467 militibus
1153 425 1272 488 „saepe

137 487 218 574 ego“
243 490 348 575 inquit
372 491 510 573 ,audivi
544 489 671 570 milites,
706 511 780 553 eum
803 490 944 573 primum
967 509 1039 552 esse
1062 490 1180 571 virum,
1216 491 1271 576 qui

136 578 208 662 ipse
231 574 389 655 consulat,
425 571 503 661 quid
537 576 570 638 in
600 597 671 640 rem
699 575 750 657 sit,
784 574 964 638 secundum
988 595 1072 652 eum,
1107 577 1163 660 qui
1187 576 1271 640 bene

137 663 280 726 monenti
304 661 473 741 oboediat,
504 662 560 747 qui
586 683 648 725 nec
669 663 741 746 ipse
763 659 932 723 consulere
955 681 1015 723 nec
1038 660 1132 724 alteri
1155 683 1273 746 parere
1322 682 1323 687 ¹

99 766 116 813 a
137 748 226 830 sciat,
250 770 324 812 eum
347 749 485 812 extremi
507 748 627 831 ingenii
650 768 732 811 esse.
754 745 847 810 nobis
872 748 1026 831 quoniam
1044 748 1151 828 prima
1173 749 1273 811 animi

136 834 323 920 ingeniique
346 845 465 916 negata
487 856 558 897 sors
582 842 641 913 est,
676 833 853 896 secundam
875 854 914 894 ac
937 832 1078 895 mediam
1102 843 1272 899 teneamus

138 929 180 1002 et,
204 919 282 983 dum
304 921 467 1004 imperare
483 920 646 999 discimus,
670 941 786 1003 parere
802 919 955 1004 prudenti
970 919 1004 981 in
1020 919 1170 982 animum.
1180 919 1273 984 indu·

94 1025 258 1074 locamus.
297 1016 402 1068 castra
435 1027 508 1068 cum
543 1003 646 1068 Fabio
678 1006 863 1088 iungamus3
895 1004 937 1067 ad
969 1005 1172 1088 praetorium
1204 1008 1274 1070 eius

137 1093 231 1176 signa
254 1113 328 1155 cum
349 1089 528 1170 tulerimus,
560 1090 617 1155 ubi
649 1112 710 1173 ego
746 1113 820 1155 eum
852 1098 1020 1174 parentem
1048 1090 1274 1176 appellavero,

138 1178 228 1264 quod
250 1176 409 1241 beneficio
434 1179 502 1240 eius
525 1198 603 1260 erga
623 1197 683 1239 nos
706 1198 745 1240 ac
768 1177 937 1240 maiestate
960 1176 1028 1240 eius
1052 1176 1188 1260 dignum
1211 1188 1274 1259 est,

94 1285 126 1333 11
137 1284 205 1344 vos,
220 1263 349 1344 milites,
366 1285 432 1343 eos,
449 1282 587 1348 quorum
603 1285 661 1326 vos
678 1263 775 1325 modo
793 1284 883 1325 arma
892 1284 930 1325 ac
940 1261 1096 1327 dexterae
1106 1273 1274 1344 texerunt,

137 1359 293 1435 patronos
316 1347 508 1429 salutabitis,
532 1358 573 1430 et,
597 1350 624 1410 si
646 1348 726 1411 nihil
749 1348 847 1430 aliud,
870 1355 1038 1431 gratorum
1062 1358 1152 1413 certe
1174 1350 1275 1413 nobis

137 1436 317 1498 animorum
341 1434 478 1519 gloriam
503 1435 571 1497 dies
594 1435 648 1497 hic
670 1433 827 1499 dede1·it.“

100 1544 114 1592 1
238 1520 349 1584 XXX.
373 1519 472 1604 Signo
490 1521 566 1584 dato
583 1520 805 1584 conclamatur
819 1521 905 1602 inde,
921 1530 958 1584 ut
973 1518 1169 1602 colligantur
1183 1543 1275 1585 vasa.

135 1607 276 1693 profecti
300 1616 334 1670 et
355 1609 485 1690 agmine
508 1605 695 1670 incedentes
719 1606 759 1669 ad
788 1606 954 1670 dictatoris
981 1615 1089 1669 castra
1112 1607 1145 1670 in
1169 1607 1276 1670 admi-

136 1694 296 1758 rationem
319 1702 352 1756 et
373 1695 481 1779 ipsum
504 1703 537 1756 et
560 1712 681 1774 omnes,
710 1694 765 1776 qui
788 1692 878 1757 circa
900 1701 1000 1773 erant,
1029 1696 1279 1757 converterunt?

99 1790 173 1843 aut
196 1780 371 1844 constituta
393 1789 468 1842 sunt
489 1787 564 1842 ante
586 1777 728 1842 tribunal
751 1780 852 1862 signa,
875 1799 1068 1862 progressus
1092 1789 1168 1842 ante
1192 1777 1278 1843 alios

135 1867 290 1949 magister
313 1866 467 1950 equitum,
492 1886 565 1927 curn
588 1875 715 1947 patrem
737 1864 875 1929 Fabium
898 1862 1107 1949 appellasset,
1135 1865 1285 1930 circum>

136 1952 289 2035 fusosque
320 1951 455 2014 militum
485 1951 553 2013 eius
577 1958 680 2013 totum
703 1972 819 2033 agmen
843 1959 999 2035 patronos
1023 1949 1275 2033 consalutasset,

101 2054 116 2100 3
139 2034 365 2121 ,parentibus“
391 2037 496 2122 inquit
521 2033 630 2117 “meis,
655 2035 801 2117 dictator,
827 2036 945 2121 quibus
960 2045 993 2100 te
1010 2035 1110 2100 modo
1127 2037 1274 2119 nomine,

138 2122 225 2208 quod
249 2122 346 2185 fando
368 2143 512 2207 possum,
537 2122 684 2205 aequavi,
707 2123 808 2185 vitam
829 2133 954 2186 tantum
978 2121 1093 2201 debeo,
1118 2122 1178 2185 tibi
1196 2145 1275 2187 cum

99 2228 115 2273 4
137 2229 242 2273 meam
266 2206 402 2273 salutem
425 2219 494 2272 tum
511 2209 654 2271 omnium
668 2208 797 2272 horum.
820 2209 931 2293 itaque
947 2207 1187 2292 plebeiscitum,
1207 2230 1274 2294 quo

136 2304 288 2360 oneratus
311 2317 380 2359 sum
404 2295 506 2376 magis
530 2315 628 2380 quam
650 2293 838 2368 honoratus,
871 2295 994 2379 primus
1017 2296 1151 2380 antiquo
1176 2293 1275 2360 abro-

136 2402 244 2468 goque
267 2391 308 2461 et,
333 2380 420 2466 quod
443 2382 503 2443 tibi
525 2381 679 2466 mihique,
704 2381 791 2468 quod
810 2378 1008 2445 exercitibus
1032 2380 1081 2442 his
1103 2382 1179 2462 tuis,
1204 2402 1275 2445 ser·

134 2476 211 2532 vato
235 2489 274 2531 ac
297 2468 525 2549 conservatori,
560 2469 603 2530 sit
624 2467 711 2544 felix,
746 2467 805 2532 sub
828 2468 1000 2552 imperium
1022 2468 1276 2552 auspiciumque

94 2569 110 2617 5
134 2563 225 2618 tuum
248 2554 349 2618 redeo
374 2564 407 2617 et
430 2556 522 2637 signa
543 2554 626 2617 haec
649 2553 857 2637 legionesque
879 2553 1027 2617 restituo.
1064 2561 1110 2634 tu,
1136 2574 1274 2637 quaeso,

135 2639 282 2725 placatus
299 2662 352 2702 me
367 2635 587 2723 magisterium
604 2641 759 2725 equitum,
783 2638 843 2702 hos
866 2638 996 2702 ordines
1012 2661 1088 2703 suos
1104 2661 1276 2726 quemque

99 2743 115 2790 6
133 2737 246 2789 tenere
269 2725 414 2790 iubeas“.
437 2736 504 2790 tum
530 2727 665 2790 dextrae
687 2725 900 2789 interiunctae
920 2722 1105 2809 militesque
1121 2726 1276 2789 contione

136 2811 267 2874 dimissa
289 2811 330 2875 ab
347 2812 431 2874 notis
446 2813 631 2897 ignotisque
644 2811 784 2893 benigne
801 2820 899 2898 atque
914 2810 1118 2896 hospitaliter
1132 2811 1276 2892 invitati,

134 2895 305 2981 laetusque
343 2896 412 2960 dies
450 2920 492 2961 ex
523 2897 698 2962 admodum
732 2898 815 2960 tristi
847 2896 944 2984 paulo
982 2906 1057 2960 ante
1089 2918 1127 2959 ao
1163 2918 1276 2982 prope

98 2981 334 3049 rexsecrabilil
356 2982 469 3046 factus.
501 2983 634 3064 Rornae,
662 2993 700 3047 ut
727 2993 776 3047 est
803 2983 931 3069 perlata
961 2984 1048 3046 fama
1074 2984 1122 3046 rei
1146 2992 1275 3066 gestae,

135 3070 210 3133 dein
232 3068 348 3133 litteris
372 3091 436 3133 non
462 3072 566 3154 magis
597 3072 742 3154 ipsorum
773 3071 1005 3157 imperatorum
1039 3089 1137 3154 quam
1170 3067 1274 3152 vulgo

134 3155 271 3221 militum
300 3175 348 3219 ‘ex
378 3167 516 3241 utroque
555 3157 702 3221 exercitu
732 3156 913 3236 adfirmata,
958 3178 1018 3240 pro
1057 3176 1092 3218 se
1130 3155 1274 3239 quisque

100 3263 116 3310 8
135 3243 314 3305 Maximum
337 3240 487 3305 laudibus
512 3242 553 3305 ad
577 3242 703 3307 caelum
726 3241 821 3306 ferre.
845 3244 916 3328 pari
939 3241 1043 3325 gloria
1066 3243 1153 3325 apud
1177 3240 1272 3303 Han·

134 3326 276 3391 nibalem
300 3327 477 3413 hostesque
500 3328 627 3392 Poenos
652 3337 730 3411 erat,
754 3350 792 3391 ac
808 3338 881 3401 ¹turn
906 3328 1037 3391 demum
1060 3327 1181 3391 sentire
1197 3348 1273 3390 cum

80 3436 109 3482 a
134 3413 288 3477 Romanis
311 3426 409 3499 atque
431 3415 465 3476 in
488 3413 582 3477 Italia
604 3413 726 3478 bellum
743 3435 831 3494 esse,
854 3435 929 3476 nam
944 3413 1076 3477 biennio
1094 3422 1168 3475 ante
1185 3411 1273 3475 adeo

136 3509 169 3563 et
192 3499 292 3563 duces
315 3500 479 3564 Romanos
503 3509 536 3563 et
557 3499 677 3564 milites
701 3509 901 3584 spreverant,
924 3510 960 3562 ut
982 3501 1040 3563 vix
1062 3519 1137 3563 cum
1154 3498 1272 3562 eadem

135 3596 232 3669 gente
248 3585 370 3650 bellum
387 3608 459 3649 esse
470 3586 650 3668 crederent,
663 3587 754 3650 cuius
765 3583 943 3648 terribilem
953 3584 1072 3649 famam
1085 3607 1105 3648 a
1120 3584 1272 3669 patribus

92 3696 125 3743 10
137 3672 348 3755 accepissent.
365 3670 648 3757 Hannibalemque
665 3693 708 3735 ex
722 3672 792 3735 acie
806 3671 997 3734 redeuntem
1014 3671 1136 3734 dixisse
1152 3670 1271 3753 lerunt,

135 3758 267 3821 tandem
301 3779 372 3821 eam
404 3758 534 3837 nubem,
568 3780 652 3844 quae
685 3757 800 3822 sedere
826 3757 859 3820 in
886 3758 969 3840 iugis
993 3757 1151 3820 montium
1176 3755 1273 3820 solita

129 3843 181 3924 sit,
209 3865 281 3906 oum
304 3843 453 3929 procella
473 3844 613 3908 imbrem
637 3844 777 3908 dedisse.
