2738 4146
355 139 465 188 mnnn
482 138 554 188 xxn
573 137 651 188 car.
671 142 711 191 ιι.
731 141 773 190 12.
792 143 834 190 13.
852 139 888 208 [ι.
905 140 939 191 u.
957 157 981 191 a
998 139 1069 209 saep
1238 130 1298 187 11⁷

102 315 241 399 capiunt
274 307 476 396 conlatisque
508 332 548 374 eo
579 308 752 396 catapultis
786 308 997 397 ballistisque,
1020 321 1057 375 ut
1079 311 1249 377 castellum
1267 333 1303 382 ιο

104 402 138 464 in
160 402 234 485 ipsa
256 395 340 461 urbe
361 395 453 460 velut
475 418 585 460 arcem
606 398 829 461 imminentem
862 396 1031 478 baberent,
1062 420 1155 462 muro
1188 400 1249 462 cir·

104 484 279 561 cumdant;
302 492 336 546 et
358 480 529 566 Saguntini
550 505 680 547 murum
701 485 888 547 interiorem
922 482 963 546 ab
986 483 1131 549 nondum
1153 494 1250 571 capta

104 581 200 658 parte
232 568 326 634 urbis
357 568 490 633 ducunt.
539 570 703 654 utrimque
735 591 862 633 summa
898 571 931 633 vi
968 578 1002 633 et
1036 572 1185 634 muniunt
1216 580 1250 633 et
1267 579 1299 627 11

104 664 268 744 pugnant3
302 654 359 720 sed
393 656 549 719 interiora
579 654 701 718 tuendo
723 657 883 719 minorem
904 657 938 719 in
961 656 1030 720 dies
1052 654 1169 721 urbem
1190 654 1248 720 Sa

106 743 234 827 guntini
255 740 388 805 faciunt
411 739 507 805 simul
530 742 648 805 crescit
668 742 779 827 inopia
801 743 942 806 omnium
965 740 1064 825 longa
1080 742 1249 806 obsidione
1267 753 1302 801 12

105 839 140 892 et
154 828 312 893 minuitur
326 830 512 913 expectatio
528 837 683 890 externae
698 829 779 913 opis,
801 850 876 891 cum
890 838 956 891 tam
971 827 1086 915 procul
1101 827 1248 908 Romani,

106 918 205 980 unica
238 935 325 1000 spes,
361 915 450 977 circa
480 915 589 978 omnia
619 913 761 978 bostium
793 923 911 977 essent.
942 913 1109 1000 paulisper
1138 926 1301 978 tamenta

108 1001 258 1065 adfectos
281 1001 408 1064 animos
429 1001 593 1064 recreavit
621 1001 790 1085 repentina
817 998 976 1086 profectio
1000 998 1192 1065 Hannibalis
1214 1003 1249 1065 in

106 1087 272 1152 Oretanos
309 1083 587 1172 Carpetanosque,
625 1088 681 1170 qui
719 1085 783 1151 duo
820 1083 942 1234 populi,
981 1085 1119 1151 dilectus
1157 1107 1247 1151 acer·

107 1174 211 1238 bitate
227 1173 436 1251 consternati,
452 1173 587 1236 retentis
609 1173 820 1258 conquisitori
845 1195 883 1236 us
910 1181 1034 1237 metum
1057 1172 1248 1237 defectionis

105 1283 182 1324 cum
214 1257 453 1344 praebuissent,
489 1259 637 1344 oppressi
665 1255 833 1323 eeleritate
855 1256 1047 1323 Hannibalis
1071 1261 1250 1323 omiserunt

106 1355 198 1411 mota
219 1366 319 1408 arma

211 1429 290 1493 XII.
313 1428 385 1494 Nec
406 1428 544 1512 Sagunti
566 1431 764 1516 oppugnatio
792 1431 921 1513 segnior
948 1440 1018 1493 erat
1044 1428 1247 1509 Maharbale,
1267 1445 1282 1494 1

105 1515 303 1582 Himilconis
323 1514 402 1597 lilio,
423 1552 469 1562 -
489 1538 565 1580 eum
585 1514 789 1603 praefecerat
811 1514 974 1578 Hannibal
997 1552 1039 1561 —
1061 1519 1107 1580 ita
1121 1519 1247 1603 inpigre

105 1625 178 1668 rem
200 1612 329 1687 agente,
351 1612 390 1668 ut
411 1601 530 1666 ducem
552 1599 669 1666 abesse
690 1622 752 1666 nec
771 1603 862 1666 cives
876 1622 938 1665 nec
953 1599 1064 1666 hostes
1080 1605 1246 1667 sentirent

105 1692 134 1754 is
166 1699 200 1753 et
231 1686 358 1776 proelia
387 1685 512 1774 aliquot
544 1687 689 1752 secunda
719 1686 797 1752 feeit
827 1697 860 1751 et
885 1685 990 1752 tribus
1013 1688 1168 1753 arietibus
1191 1687 1285 1753 ali-2

106 1784 267 1862 quantum
301 1776 386 1839 muri
416 1773 569 1839 discussit
600 1783 766 1860 strataque
795 1776 902 1838 omnia
932 1774 1119 1839 recentibus
1146 1777 1247 1840 ruinis

106 1862 296 1926 advenienti
317 1858 495 1924 Hannibali
518 1859 667 1925 ostendit.
704 1862 815 1946 itaque
846 1859 888 1923 ad
919 1861 1023 1946 ipsam
1050 1882 1159 1924 arcem
1189 1879 1283 1926 err-a

105 1945 232 2034 templo
256 1946 374 2012 ductus
397 1948 572 2028 exercitus,
603 1955 764 2032 atroxque
789 1944 950 2033 proelium
973 1968 1047 2011 cum
1070 1945 1246 2011 multorum

107 2036 207 2099 utrim
231 2055 273 2097 ue
296 2032 398 2098 caede
419 2034 544 2114 initum,
568 2041 601 2097 et
620 2054 698 2118 pars
721 2034 805 2097 arcis
827 2043 924 2118 capta
944 2043 1002 2096 est.

209 2056 386 2203 l‘emptata
409 2118 530 2182 deinde
561 2139 621 2201 per
643 2118 727 2181 duos
750 2126 799 2182 est
822 2120 942 2201 exigua
962 2119 1053 2203 pacis
1077 2141 1163 2202 spes,
1187 2117 1245 2182 Al-

107 2227 224 2269 conem
259 2204 475 2288 Saguntinum
513 2212 546 2268 et
582 2202 738 2268 Alorcum
773 2204 967 2288 Hispanum.
1014 2203 1096 2268 Alco
1135 2205 1281 2271 insciist

106 2291 306 2376 Saguntinis,
329 2289 484 2376 precibus
507 2289 632 2376 aliquid
654 2299 818 2354 moturum
842 2302 942 2371 ratus,
966 2289 1096 2354 eumad
1120 2290 1243 2354 Hanni-

107 2377 219 2442 balem
241 2385 341 2440 noctu
361 2377 541 2456 transisset,
575 2386 748 2460 postquam
771 2374 852 2439 nihil
879 2375 1033 2438 lacrimae
1056 2376 1244 2453 movebant,

105 2462 385 2548 condicionesque
406 2463 516 2526 tristes
539 2475 577 2526 ut
598 2461 640 2526 ab
664 2465 746 2525 irato
769 2463 894 2527 victore
915 2461 1115 2543 ferebantur,
1138 2472 1255 2526 trans.

104 2549 184 2632 fuga
216 2570 260 2612 ex
296 2557 426 2614 oratore
456 2548 562 2612 factus
599 2549 686 2633 apud
720 2547 849 2611 hostem
887 2548 1013 2629 mansit,
1052 2549 1243 2611 moriturum

104 2635 295 2713 adfirmans,
323 2635 380 2720 qui
401 2633 463 2699 sub
486 2632 732 2699 condicionibus
755 2635 794 2697 iis
818 2634 861 2696 de
884 2655 965 2717 pace
987 2644 1109 2717 ageret.
1132 2643 1278 2718 postu-s

107 2721 240 2786 labatur
270 2729 390 2804 autem,
422 2720 599 2785 redderent
629 2742 683 2783 res
709 2720 905 2784 Turdetanis
937 2719 1124 2805 traditoque
1156 2720 1244 2784 omni

103 2829 187 2872 auro
211 2817 311 2892 atque
334 2817 469 2889 argento
501 2807 625 2889 egressi
657 2804 739 2870 urbe
774 2829 848 2871 cum
880 2804 1015 2890 singulis
1041 2807 1244 2870 vestimentis

104 2894 153 2959 ibi
169 2892 367 2976 habitarent,
382 2892 440 2957 ubi
454 2892 586 2957 Poenus
602 2892 758 2956 iussisset.
782 2892 842 2955 has
858 2893 948 2977 pacis
971 2890 1061 2975 leges
1078 2892 1243 2956 abnuente
1262 2916 1279 2963 s

104 2978 236 3046 Alcone
269 2987 475 3065 accepturos.
496 2977 703 3063 Saguntinos,
727 2977 867 3041 Alorcus
900 2979 986 3042 vinci
1021 2979 1154 3058 animos,
1187 2977 1243 3042 ubi

102 3065 170 3131 alia
201 3065 385 3148 vincantur,
423 3063 600 3128 adfirmans
633 3085 669 3128 se
701 3064 793 3149 pacis
827 3065 896 3127 eius
926 3065 1139 3150 interpretem
1172 3064 1242 3128 fore
1320 3092 1324 3099 ·

128 3151 294 3217 ollicetur:
318 3161 389 3216 erat
403 3161 511 3215 autem
527 3161 596 3215 turn
612 3149 706 3214 miles
723 3148 926 3233 Hannibalis,
950 3159 1093 3214 ceterum
1111 3149 1243 3234 publice

103 3176 298 3324 Saguntinis
313 3238 435 3302 amicus
446 3249 545 3323 atque
561 3235 692 3323 hospes.
709 3237 829 3300 tradito
844 3235 952 3321 palam
968 3235 1034 3300 telo
1051 3235 1242 3300 custodibus
1264 3248 1278 3297 7

104 3319 250 3390 bostium
273 3334 495 3407 transgressus
522 3325 724 3387 munimenta
751 3322 793 3385 ad
816 3332 1002 3406 praetorem
1026 3322 1242 3404 Saguntinum

104 3447 146 3459 -
173 3421 207 3475 et
228 3410 300 3494 ipse
322 3409 368 3473 ita
389 3408 527 3474 iubebat
549 3446 580 3455 -
614 3419 663 3473 est
687 3409 857 3473 deductus.
887 3431 950 3495 quo
975 3432 1048 3472 cum
1073 3407 1240 3493 extemplo
1262 3421 1279 3470 8

101 3518 283 3563 concursus
315 3497 418 3561 omnis
450 3496 580 3579 generis
613 3495 780 3558 hominum
818 3506 905 3559 esset
940 3495 1055 3577 factus,
1088 3494 1240 3558 submota

100 3594 214 3649 cetera
245 3581 452 3647 multitudine
486 3591 618 3646 senatus
650 3581 772 3649 Alorco
804 3581 899 3645 datus
939 3593 997 3662 est,
1036 3582 1128 3645 euius
1166 3578 1240 3645 talis

100 3670 208 3735 oratio
230 3668 307 3733 fuit:
1242 3716 1274 3753 ζ,

202 3752 301 3819 ΧΙΠ.
335 3752 391 3836 ,si
417 3753 497 3819 civis
528 3762 639 3819 vester
669 3751 763 3834 Aloe,
795 3753 878 3816 sieut
908 3754 949 3817 ad
987 3775 1105 3839 pacem
1131 3762 1250 3836 peteu-
1266 3769 1291 3810 a

99 3840 176 3909 dam
208 3842 253 3907 ad
276 3838 495 3905 Hannibalem
528 3840 626 3924 venit,
657 3839 704 3904 ita
733 3840 828 3928 pacis
862 3840 1085 3907 condiciones
1105 3837 1154 3900 ab
1170 3835 1277 3896 aas·
