2738 4146
503 132 505 135 ’
533 134 641 183 LIBER
659 137 680 185 I.
718 134 792 185 OAP.
814 138 837 190 1.
854 139 878 186 2.
1278 122 1298 179 3

110 302 218 365 Troia
241 311 273 365 et
296 303 372 368 huic
395 302 468 368 loco
493 328 609 389 nomen
635 319 692 373 est.
716 307 759 370 ibi
779 308 900 391 egressi
916 307 1056 385 Troiani,
1071 306 1110 370 ¹ut
1126 306 1281 392 quibust

114 388 160 451 ab
185 391 343 454 immenso
368 412 472 476 prope
497 415 607 457 errore
624 393 704 457 nihil
720 407 851 477 praeter
867 415 957 456 arma
973 403 1004 457 et
1019 415 1119 456 naves
1136 414 1247 477 super·

115 486 215 558 esset,
240 499 313 540 cum
336 479 491 562 praedam
516 501 557 543 ex
580 484 665 564 agris
688 489 832 562 agerent,
856 479 992 543 Latinus
1015 502 1074 542 rex
1096 479 1245 562 Aborigi-

118 583 252 647 nesque,
286 566 341 648 qui
363 575 431 627 tum
456 587 495 628 ea
517 566 671 630 tenebant
702 566 783 646 loca,
815 565 856 630 ad
888 566 1061 628 arcendam
1095 567 1160 629 vim
1191 564 1258 643 ad·¹

117 669 276 713 venarum
300 651 414 713 armati
443 673 485 714 ex
516 651 597 716 urbe
628 663 726 738 atque
757 653 846 734 agris
879 660 1084 716 concurrunt.
1124 649 1281 735 duplexo

115 734 196 799 inde
226 735 311 798 fama
348 746 409 800 est:
442 736 494 800 alii
526 738 651 822 proelio
684 740 807 802 victum
841 738 992 801 Latinum
1024 759 1137 822 pacem
1171 758 1246 800 cum

119 820 244 902 Aenea,
274 823 391 885 deinde
419 822 619 888 adfinitatem
647 826 792 889 iunxisse
819 824 965 905 tradunt3
1003 823 1067 898 alii,
1097 845 1172 886 cum
1199 824 1281 890 in·⁷
1356 871 1358 875 -

115 916 263 971 structae
287 909 373 971 acies
397 911 627 989 constitissent,
660 912 847 995 priusquam
872 912 963 992 signa
986 917 1148 991 canerent,
1171 929 1245 993 pro·

115 994 256 1058 cessisse
279 994 431 1057 Latinum
455 999 538 1059 inter
561 998 719 1079 primores
743 998 926 1081 ducemque
949 996 1149 1059 advenarum
1167 1016 1244 1059 evo·

121 1100 213 1143 casse
236 1080 278 1143 ad
306 1080 524 1165 conloquium;
563 1088 810 1167 percunctatum
844 1082 971 1163 deinde,
1005 1083 1061 1166 qui
1092 1079 1254 1159 mortales

83 1192 84 1195 ¹
114 1177 236 1246 essent,
259 1167 346 1230 unde
369 1179 424 1230 aut
448 1189 511 1252 quo
536 1190 612 1232 casu
635 1169 774 1254 profecti
798 1168 893 1231 domo
911 1169 1032 1252 quidve
1050 1177 1245 1251 quaerentes

116 1253 151 1314 in
174 1274 287 1335 agrum
309 1252 508 1316 Laurentem
542 1257 694 1335 exissent,
726 1265 899 1340 postquam
932 1254 1071 1316 audierit
1102 1251 1245 1316 multitu·

115 1337 228 1400 dinem
259 1337 415 1402 Troianos
448 1360 528 1422 esse,
562 1341 678 1405 ducem
710 1340 867 1421 Aeneam,
899 1339 1000 1402 filium
1025 1338 1189 1403 Anchisae
1213 1348 1279 1409 ets

121 1422 268 1504 Veneris,
293 1434 436 1488 cremata
451 1428 556 1509 patria
577 1427 673 1490 domo
690 1427 844 1511 profugos
861 1426 973 1495 sedem
989 1425 1246 1511 condendaeque

118 1509 324 1599 urbiqlooum
349 1532 516 1594 quaerere,
541 1521 573 1575 et
594 1512 796 1577 nobilitatem
829 1513 1022 1575 admiratum
1046 1512 1150 1594 gentis
1173 1512 1245 1576 viri·

118 1618 189 1679 que·
215 1605 248 1658 et
278 1598 420 1660 animum
455 1596 508 1661 vel
539 1597 626 1662 bello
658 1597 711 1662 vel
742 1599 816 1685 paci
846 1607 996 1684 paratum
1029 1596 1146 1660 dextra
1170 1597 1258 1683 data
1319 1602 1320 1606 ’

98 1681 218 1745 4θάθηι
249 1682 377 1746 futurae
408 1683 568 1747 amicitiae
599 1686 755 1749 sanxisse.
792 1683 868 1747 inde
900 1684 1017 1747 foedus
1038 1684 1139 1746 ictum
1161 1683 1281 1752 intera

115 1768 230 1848 duces,
262 1770 346 1832 inter
370 1771 533 1833 exercitus
558 1769 782 1833 salutationem
812 1769 945 1850 factam,
977 1769 1123 1832 Aeneam
1144 1769 1246 1854 apud

116 1853 269 1916 Latinum
294 1854 393 1918 fuisse
416 1857 448 1916 in
471 1855 628 1940 hospitio,
652 1856 697 1920 ibi
721 1857 873 1920 Latinum
897 1856 982 1940 apud
1008 1865 1141 1940 penates
1165 1856 1245 1920 deos

115 1940 334 2003 domesticum
358 1940 489 2024 publico
514 1942 701 2006 adiunxisse
728 1942 844 2006 foedus
872 1941 938 2004 filia
960 1941 1093 2005 Aeneae
1121 1942 1153 2004 in
1177 1964 1243 2007 ma-

118 2026 306 2088 trimonium
330 2026 415 2089 data.
439 2049 479 2090 ea
501 2050 553 2091 res
577 2031 689 2113 utique
712 2029 860 2091 Troianis
883 2050 974 2112 spem
997 2027 1149 2090 adfirmat
1174 2035 1299 2090 tan-10

118 2112 195 2174 dem
219 2111 327 2175 stabili
351 2124 504 2198 certaque
536 2114 613 2178 sede
647 2114 781 2177 finiendi
813 2115 943 2178 erroris.
984 2114 1140 2198 oppidum
1168 2134 1244 2177 oon-

104 2198 216 2271 ,dunt3
247 2198 377 2261 Aeneas
409 2198 449 2260 ab
477 2201 607 2263 nomine
629 2203 740 2264 uxoris
764 2200 943 2263 Lavinium
961 2198 1113 2283 appellat.
1151 2198 1245 2264 brevi
1264 2210 1297 2258 11

116 2285 217 2368 stirps
242 2305 372 2368 quoque
395 2282 496 2348 virilis
521 2307 562 2348 ex
584 2303 668 2350 novo
686 2287 889 2350 matrimonio
905 2285 974 2367 fuit,
999 2287 1052 2347 cui
1068 2284 1245 2348 Ascanium

116 2379 269 2456 parentes
293 2370 406 2433 dixere
427 2391 554 2434 nomen.
849 2401 851 2406 ·
1191 2450 1192 2454 Ἰ

222 2455 266 2518 ΙΙ.
290 2454 383 2518 Bello
408 2456 526 2520 deinde
542 2456 739 2538 Aborigines
756 2457 955 2541 Troianique
978 2456 1081 2540 petiti,
1104 2455 1245 2538 Turnus,
1265 2467 1280 2515 1

113 2562 179 2603 rex
200 2540 406 2620 Rutulorum,
437 2544 488 2605 eui
519 2554 617 2627 pacta
638 2542 776 2605 Lavinia
807 2552 882 2605 ante
910 2542 1088 2605 adventum
1111 2541 1246 2606 Aeneae

113 2626 233 2708 fuerat,
258 2626 439 2711 praelatum
463 2628 525 2692 sibi
548 2629 706 2692 advenam
731 2650 828 2711 aegre
852 2629 978 2712 patiens
1002 2626 1097 2690 simul
1111 2627 1262 2702 Aeneae¹

120 2713 304 2796 Latinoque
331 2712 455 2776 bellum
483 2715 644 2778 intulerat.
681 2724 798 2777 neutra
826 2716 912 2777 acies
939 2713 1024 2777 laeta
1048 2735 1151 2777 exeo
1177 2726 1281 2778 cer-a
1349 2729 1353 2736 '

112 2800 238 2862 tamine
261 2800 355 2862 abiit:
391 2801 469 2864 victi
492 2800 617 2881 Rutuli;
649 2801 790 2865 victores
822 2800 1018 2882 Aborigines
1046 2799 1245 2884 Troianique

119 2884 237 2947 ducem
260 2885 411 2948 Latinum
435 2887 583 2950 amisere.
608 2886 682 2948 inde
698 2885 826 2949 Turnus
842 2886 1018 2972 Rutulique
1035 2885 1131 2948 diffisi
1146 2890 1245 2950 rebus
1264 2899 1281 2946 3
1309 2965 1311 2971 Ι

112 2970 159 3033 vad
184 2969 336 3034 florentes
360 2993 439 3055 opes
462 2972 675 3034 Etruscorum
693 2973 966 3057 Mezentiumque,
989 2993 1100 3054 regem
1119 2993 1244 3053 eorum,

24 3099 28 3105 ι
115 3056 318 3140 confugiunt,
343 3060 398 3142 qui
416 3055 529 3140 Caere,
553 3057 706 3143 opulento
723 3068 791 3121 tum
808 3059 941 3143 oppido,
964 3059 1163 3141 imperitans,
1180 3058 1245 3120 iam

118 3143 196 3206 inde
220 3141 260 3204 ab
285 3143 374 3207 initio
399 3145 529 3207 minime
561 3143 666 3207 laetus
699 3166 805 3208 novae
835 3145 958 3227 origine
989 3144 1079 3206 urbis
1112 3154 1144 3206 et
1176 3153 1245 3206 tum

116 3229 216 3292 nimio
241 3228 328 3314 plus,
352 3251 447 3312 quam
472 3231 549 3293 satis
572 3239 677 3298 tutum
702 3241 788 3294 esset
815 3229 943 3306 accolis,
978 3235 1047 3292 rem
1070 3228 1245 3292 Troianam

112 3337 267 3379 crescere
298 3325 386 3378 ratus
420 3315 508 3378 haud
540 3318 697 3398 gravatim
732 3317 820 3380 socia
852 3338 941 3378 arma
971 3313 1097 3378 Rutulis
1129 3316 1243 3378 iunxit.

117 3401 258 3482 Aeneas,
282 3401 440 3465 adversus
463 3403 543 3464 tanti
565 3401 643 3466 belli
662 3411 820 3466 terrorem
836 3411 872 3465 ut
887 3403 1010 3465 animos
1025 3401 1243 3484 Aboriginum
1265 3415 1282 3462 4

110 3486 179 3550 sibi
204 3485 392 3551 conciliaret
415 3497 484 3550 neo'
499 3486 559 3551 sub
588 3487 703 3551 eodem
720 3489 789 3550 iure
806 3486 910 3551 solum
928 3488 985 3551 sed
1002 3489 1098 3550 etiam
1114 3488 1244 3551 nomine

117 3595 230 3637 omnes
264 3583 381 3652 essent,
413 3573 561 3654 Latinos,
585 3583 758 3658 utramque
796 3584 924 3657 gentem
958 3572 1143 3658 appellavit.
1183 3588 1282 3636 neco

119 3659 238 3723 deinde
270 3658 467 3740 Aborigines
506 3660 653 3723 Troianis
697 3661 802 3724 studio
840 3683 878 3722 ac
915 3659 980 3722 fide
1019 3681 1098 3740 erga
1132 3681 1256 3735 regem

110 3745 262 3808 Aeneam
288 3766 424 3808 cessere
449 3745 617 3832 fretusque
640 3745 693 3811 his
716 3746 836 3810 animis
860 3745 1131 3809 coalescentium
1143 3740 1190 3794 ‘m
1201 3737 1283 3792 &m

112 3832 218 3914 ‚magis
243 3831 376 3896 duorum
402 3831 604 3921 populorum
628 3836 779 3920 Aeneas,
810 3852 1029 3922 quamquam
1047 3830 1153 3887 tanta
1176 3810 1312 3950 sqffffi
