2738 4146
397 153 506 203 LIBER
522 152 595 202 XXI.
615 152 691 204 CAP.
708 155 734 203 4.
752 156 777 204 ὅ.
798 152 831 220 [a.
849 154 882 205 U.
901 171 923 204 c.
942 153 1012 224 5361.
1223 144 1285 204 111

97 352 152 394 res
186 325 435 409 diversissimas,
473 325 656 410 parendum
691 336 789 410 atque
821 326 1059 411 imperandum,
1088 327 1232 393 habilius

96 416 167 480 fuit.
193 415 304 499 itaque
332 409 422 475 haud
453 410 549 475 facile
583 411 798 491 discerneres,
831 421 941 476 utrum
975 414 1167 498 imperatori
1190 437 1232 480 sn

98 501 259 567 exercitui
283 498 393 562 carior
425 506 527 578 esset3
559 519 600 561 ne
626 519 667 562 ue
691 497 881 561 Hasdrubal
909 498 1009 563 alium
1032 516 1268 587 quemquam4

96 585 281 675 praeficere
303 583 410 660 malle,
435 583 492 647 ubi
509 584 587 668 quid
603 520 731 647 iortiter
748 606 786 647 ac
807 593 938 648 strenue
954 587 1117 668 agendum
1134 598 1230 672 esset,

96 695 206 760 neque
230 670 351 734 milites
376 668 440 733 alio
457 670 541 734 duce
557 669 631 753 plus
649 669 814 735 confidere
834 681 890 734 aut
905 673 1038 736 audere.
1053 671 1230 757 plurimum
1249 689 1267 737 o

96 758 259 824 audaciae
291 756 332 820 ad
366 755 515 841 pericula
549 756 760 839 capessenda,
793 755 968 842 plurimum
1000 759 1123 822 consilii
1145 760 1232 824 inter

95 849 171 932 ipsa
203 841 353 930 pericula
387 852 466 905 erat.
505 840 597 906 nullo
629 841 743 906 labore
777 851 833 907 aut
865 865 983 928 corpus
1011 845 1141 928 fatigari
1174 855 1232 910 aut

95 935 226 998 animus
249 928 337 995 vinci
362 937 502 1012 poterat.
526 927 645 993 caloris
668 950 706 991 ac
727 929 856 1014 frigoris
883 930 1041 1014 patientia
1063 953 1137 1015 par3
1166 932 1266 996 cibis

95 1017 308 1106 potionisque
334 1014 497 1078 desiderio
520 1012 661 1077 naturali
685 1036 749 1078 non
772 1014 941 1098 voluptate
963 1016 1080 1080 modus
1102 1017 1229 1102 finitus;

95 1103 284 1190 vigiliarum
307 1101 480 1186 somnique
495 1122 557 1164 nec
572 1100 626 1165 die
641 1122 703 1164 nec
717 1111 814 1165 nocte
830 1101 1050 1166 discriminata
1065 1114 1229 1188 tempora:

94 1193 131 1256 id
179 1189 247 1254 uod
270 1187 423 1273 gerendis
448 1186 548 1250 rebus
572 1197 760 1272 superesset
787 1189 887 1273 quieti
912 1188 1038 1270 datum3
1062 1212 1101 1252 ea
1122 1200 1264 1277 nequet

95 1213 189 1343 molli
213 1283 314 1340 strato
339 1295 446 1358 neque
479 1271 606 1336 silentio
640 1274 816 1355 accersita;
851 1273 945 1337 multi
976 1297 1075 1361 saepe
1096 1275 1230 1340 militari

93 1362 214 1448 sagulo
239 1368 389 1446 opertum
413 1357 504 1422 humi
526 1360 686 1423 iacentem
709 1361 794 1422 inter
816 1361 982 1425 custodias
1006 1362 1229 1448 stationesque

94 1449 238 1515 militum
256 1454 506 1530 conspexerunt.
523 1446 662 1510 'vestitus
678 1446 759 1510 nihil
777 1447 861 1509 inter
878 1446 1031 1533 aequales
1048 1448 1229 1531 excellens3
1248 1460 1267 1509 8

94 1557 190 1601 arma
212 1543 310 1616 atque
334 1532 410 1617 equi
427 1530 725 1615 conspiciebantur.
749 1534 894 1617 equitum
910 1534 1124 1620 peditumque
1139 1535 1229 1599 idern

94 1623 197 1705 longe
221 1622 346 1705 primus
369 1626 453 1682 erat:
477 1618 632 1703 princeps
656 1619 689 1681 in
711 1618 871 1703 proelium
894 1620 972 1701 ibat,
995 1619 1128 1684 ultimus
1152 1642 1227 1684 con·

95 1718 188 1774 serto
220 1703 345 1792 proelio
371 1703 564 1768 excedebat.
601 1704 661 1767 has
697 1714 804 1768 tantas
837 1705 899 1769 viri
921 1706 1060 1770 virtutes
1083 1708 1264 1790 ingentias

96 1796 179 1859 vitia
202 1790 403 1877 aequabant:
435 1789 613 1854 inhumana
640 1789 826 1871 crudelitas,
860 1791 999 1876 perfidia
1019 1790 1094 1876 plus
1128 1815 1227 1878 quam

94 1881 230 1958 Punica,
254 1874 336 1940 nihil
358 1877 439 1950 veri,
463 1874 544 1939 nihil
568 1877 680 1958 sancti,
705 1875 814 1939 nullus
838 1876 936 1940 deum
958 1886 1075 1960 metus,
1098 1878 1225 1942 nullum

93 1969 147 2031 ius
170 1964 352 2040 iurandum,
375 1960 466 2025 nulla
489 1961 614 2045 religio.
640 1985 713 2025 cum
738 1962 800 2025 hac
823 1962 932 2027 indole
953 1965 1108 2028 virtutum
1126 1975 1225 2050 atque
1245 1981 1280 2030 10

93 2054 249 2119 vitiorum
272 2049 410 2112 triennio
433 2048 494 2112 sub
518 2047 727 2112 Hasdrubale
760 2049 957 2132 imperatore
986 2052 1104 2114 meruit
1135 2050 1227 2115 nulla

95 2162 143 2212 re,
184 2158 268 2223 quae
300 2134 428 2220 agenda
465 2134 674 2220 videndaque
712 2155 831 2218 magno
868 2135 975 2199 futuro
1023 2135 1098 2200 duci
1127 2145 1226 2222 esset,

94 2223 336 2311 praetermissa.

200 2307 242 2373 V.
275 2307 429 2372 Ceterum
463 2328 506 2369 ex
538 2327 601 2391 quo
641 2307 694 2370 die
727 2306 796 2370 dux
827 2316 875 2370 est
907 2305 1101 2388 declaratus,
1133 2306 1260 2376 veluti

94 2395 193 2462 Italia
216 2397 246 2460 ci
268 2394 437 2478 provincia
459 2392 592 2456 decreta
613 2391 802 2478 bellumque
825 2392 1006 2455 Romanum
1035 2393 1225 2457 mandatum

95 2491 195 2564 esset,
228 2478 309 2544 nihil
343 2477 573 2564 prolatandum
604 2487 704 2561 ratus,
742 2501 783 2542 ne
806 2501 841 2543 se
865 2500 1005 2564 quoque,
1038 2489 1074 2543 ut
1096 2489 1263 2564 patrema

92 2567 327 2649 Hamilcarem,
352 2565 470 2630 deinde
491 2563 743 2642 Hasdrubalem,
767 2574 972 2628 cunctantem
996 2587 1090 2629 casus
1107 2564 1225 2651 aliquis

93 2657 306 2741 opprimeret,
322 2651 508 2736 Saguntinis
523 2651 643 2714 inferre
666 2649 789 2715 bellurn
813 2651 931 2714 statuit.
955 2651 1073 2737 quibus
1098 2673 1260 2738 oppug·3

91 2741 211 2806 nandis
236 2741 313 2826 quia
334 2738 422 2803 haud
446 2736 545 2801 dubie
566 2737 713 2801 Romana
739 2759 830 2800 arma
857 2738 1081 2820 movebantur,
1108 2739 1141 2801 in
1166 2738 1224 2803 Ol-

93 2828 215 2893 cadum
236 2827 327 2911 prius
349 2824 431 2888 fines
456 2860 492 2870 -
516 2823 604 2887 ultra
625 2823 784 2887 Hiberum
809 2845 848 2887 ea
867 2845 947 2908 gens
964 2824 996 2886 in
1012 2833 1105 2906 parte
1121 2826 1225 2909 magis

92 2937 194 3001 quarn
227 2913 261 2976 in
293 2912 420 2976 dicione
444 2908 760 2994 Carthaginiensium
789 2920 859 2973 erat
889 2945 932 2956 -
967 2910 1097 2974 induxit
1129 2933 1224 2976 exer·
1325 2911 1327 2915 ⁴

92 3002 205 3081 citum,
229 3007 264 3062 ut
286 3020 350 3063 non
372 2998 494 3083 petisse
517 2995 722 3079 Saguntinos,
751 2996 808 3061 sed
832 3018 940 3060 rerum
962 2997 1055 3078 serie,
1080 2995 1224 3062 finitimis

91 3086 227 3150 domitis
249 3083 411 3168 gentibus,
436 3083 666 3168 iungendoque
689 3091 812 3146 tractus
835 3083 878 3146 ad
908 3082 941 3144 id
964 3081 1086 3146 bellum
1117 3083 1225 3147 videri

91 3180 216 3258 posset.
242 3169 416 3253 Cartalam,
444 3168 561 3233 urbem
586 3168 783 3253 opulentam,
813 3176 912 3251 caput
935 3171 1040 3251 gentis
1063 3169 1142 3251 eius,
1167 3191 1260 3245 err-4

90 3266 218 3344 pugnat
252 3257 442 3342 diripitque;
474 3277 538 3340 quo
570 3263 660 3319 metu
691 3254 863 3339 perculsae
896 3256 1039 3319 minores
1075 3255 1224 3320 civitates

89 3344 257 3430 stipendio
280 3345 420 3427 inposito
443 3341 617 3427 imperium
641 3363 807 3425 accepere.
832 3342 936 3404 victor
960 3342 1123 3406 exercitus
1145 3364 1224 3427 opu·

90 3429 268 3516 lentusque
290 3428 416 3516 praeda
437 3428 668 3512 Carthaginem
699 3450 819 3492 novam
851 3429 883 3490 in
917 3427 1055 3491 hiberna
1091 3436 1140 3492 est
1168 3428 1224 3491 de-

91 3517 220 3582 ductus.
244 3516 291 3580 ibi
314 3515 405 3598 large
426 3516 599 3600 partiendo
621 3515 779 3599 praedam
801 3513 1029 3599 stipendioque
1044 3516 1222 3599 praeterito
1242 3529 1259 3578 5

89 3625 165 3667 cum
187 3602 255 3667 fide
279 3601 479 3667 exsolvendo
503 3602 626 3664 cunctis
650 3602 769 3665 civium
801 3602 1028 3685 sociorumque
1052 3602 1167 3664 animis
1189 3601 1223 3665 in

88 3712 125 3756 se
147 3689 285 3753 firmatis
308 3710 386 3754 vere
408 3689 514 3773 primo
537 3687 571 3749 in
586 3686 754 3751 Vaccaeos
778 3696 965 3773 promotum
984 3686 1119 3751 bellum.
1138 3686 1259 3752 Her-o

88 3777 242 3840 mendica
265 3784 297 3840 et
319 3772 494 3856 Arbocala,
519 3794 632 3837 eorum
654 3773 763 3855 urbes,
787 3775 820 3837 vi
845 3782 972 3860 captae.
1005 3772 1175 3838 Arbocala
1193 3783 1235 3833 et

88 3864 211 3928 virtute
236 3871 274 3950 et,
291 3859 499 3925 multitudine
522 3860 767 3947 oppidanorum
794 3860 854 3928 diu
889 3860 1053 3942 detensa,
1080 3857 1127 3921 es
1150 3855 1252 3916 Het-
1271 3866 1296 3908 't
