2738 4146
134 127 194 186 124
364 138 473 188 urana
490 137 560 187 xxi.
581 137 656 188 oar.
674 140 716 188 ar.
735 141 776 190 aa.
796 141 836 188 aa.
855 136 892 207 [a.
910 138 943 189 u.
963 155 986 188 ο.
1004 136 1075 207 aas}

184 312 249 393 gini
285 309 447 397 praesidio
487 331 568 390 esse,
607 313 723 395 partlm
758 309 906 374 distribui
944 332 1003 397 per
1040 309 1186 375 Africam
1221 310 1320 376 iubet.

184 393 279 460 simul
302 418 363 460 con
386 395 572 459 uisitoribus
604 398 637 458 in
660 398 804 459 civitates
827 398 932 460 missis
957 405 1108 482 quattuor
1137 396 1226 461 milia
1248 419 1320 462 con·

184 484 304 567 scripta
327 418 472 546 deiectae
503 483 687 561 iuventutis,
720 482 919 568 praesidium
951 481 1084 546 eosdem
1117 491 1149 546 et
1181 483 1320 566 obsides,

185 568 260 631 duci
276 565 513 649 ‘Carthaginem
534 565 632 631 iubet.

150 679 164 726 1
286 652 397 716 XXII.
421 651 536 739 Neque
559 653 749 739 Hispaniam
776 651 1014 736 neglegendam
1036 662 1136 733 ratus,
1170 665 1268 740 atque
1289 655 1321 718 id

184 761 223 803 eo
246 741 360 819 nunus,
393 739 479 825 quod
503 738 591 803 haud
622 742 754 822 ignarus
777 747 846 802 erat
868 741 1068 803 circumitam
1101 738 1142 803 ab
1167 739 1319 806 Romanis

186 847 257 888 eam
278 824 393 908 legatis
426 824 468 887 ad
491 823 709 890 sollicitandos
740 826 922 913 principum
953 827 1086 906 animos,
1118 825 1319 891 Hasdrubali

148 934 163 981 2
184 910 286 985 fratri,
310 915 379 975 viro
395 912 532 996 inpigro,
556 912 843 997 comprovinciam
859 910 997 975 destinat
1013 910 1121 975 firmat
1143 934 1186 976 ue
1201 911 1320 978 Africis

184 998 325 1061 maxime
346 998 527 1082 praesidiis,
550 996 696 1082 peditum
716 995 871 1061 Afrorum
893 996 1045 1061 undecim
1067 996 1135 1062 mili
1159 1021 1198 1062 us
1223 1001 1320 1063 octin-

184 1085 287 1165 gentis
304 1085 545 1170 quinquaginta,
561 1081 737 1166 Liguribus
752 1083 913 1151 trecentis,
925 1081 1109 1147 Baliaribus
1127 1086 1319 1169 quingentis.

150 1194 165 1243 3
185 1168 226 1231 ad
249 1168 331 1233 haec
352 1170 497 1254 peditum
520 1171 640 1233 auxilia
661 1168 763 1232 additi
786 1171 908 1254 equites
931 1167 1206 1256 Libyphoenices,
1240 1173 1319 1236 mix·

184 1264 253 1319 turn
275 1254 434 1319 Punicum
448 1252 537 1318 Afris
560 1276 672 1338 genus,
697 1254 924 1340 quadringenti
946 1257 1180 1341 quinquaginta
1205 1265 1238 1320 et
1254 1256 1319 1321 Nu·

184 1340 291 1405 midae
306 1341 486 1426 Maurique,
510 1339 641 1405 accolae
658 1337 790 1420 Oceani,
815 1339 854 1402 ad
872 1338 960 1404 mille
976 1343 1150 1424 octingenti
1166 1350 1200 1405 et
1218 1364 1320 1430 parva

184 1426 360 1510 Ilergetum
382 1448 495 1490 manus
520 1448 562 1490 ex
583 1426 749 1512 Hispania,
774 1428 910 1490 trecenti
933 1428 1066 1512 equites,
1100 1435 1141 1505 et,
1164 1449 1207 1492 ne
1231 1429 1318 1515 quod

148 1542 165 1589 4
184 1515 344 1577 terrestris
362 1512 491 1577 deesset
513 1512 623 1577 auxilii
639 1535 751 1594 genus,
776 1511 938 1598 elephanti
960 1513 1073 1596 viginti
1088 1535 1183 1578 unus.
1207 1513 1319 1580 classis

206 1610 352 1662 raeterea
375 1598 451 1662 data
465 1598 507 1661 ad
530 1598 685 1663 tuendam
700 1600 892 1662 maritimam
915 1620 1014 1677 oram,
1039 1600 1124 1684 quia,
1148 1621 1213 1686 qua
1227 1610 1319 1687 parte

183 1623 261 1748 belli
283 1686 436 1762 vicerant,
469 1706 508 1748 ea
529 1693 597 1748 tum
622 1706 751 1770 quoque
773 1706 844 1749 rem
866 1685 1014 1767 gesturos
1036 1684 1201 1751 Romanos
1227 1687 1317 1752 credi

183 1779 321 1857 poterat,
366 1772 597 1856 quinquaginta
645 1772 904 1857 quinqueremes,
956 1770 1177 1856 quadriremes
1224 1772 1317 1853 duae,

185 1860 333 1921 triremes
361 1860 517 1943 quinque,
552 1856 608 1919 sed
633 1865 727 1942 aptae
756 1859 996 1943 instructaeque
1027 1858 1163 1939 remigio
1186 1860 1318 1943 triginta

184 1952 216 2007 et
238 1943 322 2007 duae
345 1944 593 2029 quinqueremes
617 1952 709 2006 erant
734 1951 766 2006 et
786 1944 934 2006 triremes
958 1943 1110 2029 quinque.

148 2047 164 2093 t
286 2026 337 2091 Ab
362 2026 510 2092 Gadibus
534 2025 765 2112 Carthaginem
796 2028 836 2090 ad
869 2026 1007 2092 hiberna
1030 2031 1193 2094 exercitus
1217 2031 1318 2112 redit3

184 2123 282 2200 atque
304 2113 379 2178 inde
411 2114 576 2199 profectus
609 2125 740 2200 praeter
764 2113 909 2178 Onusam
940 2113 1056 2179 urbem
1087 2114 1129 2177 ad
1156 2113 1319 2182 Hiberum

149 2222 241 2286 ssper
263 2201 456 2264 maritimam
479 2222 568 2264 oram
592 2199 689 2264 ducit.
712 2200 758 2264 ibi
780 2200 867 2264 fama
890 2202 991 2264 estin
1015 2202 1123 2286 quiete
1143 2202 1252 2267 visum
1278 2203 1317 2268 ab

184 2308 221 2350 eo
244 2288 395 2350 iuvenem
419 2286 527 2350 divina
550 2288 668 2372 specie,
692 2289 747 2372 qui
770 2308 805 2350 se
828 2286 869 2349 ab
892 2285 971 2350 Iove
996 2286 1120 2351 ‹ltceret
1143 2286 1263 2354 ducem
1285 2292 1318 2354 in

181 2371 309 2437 Italiam
330 2371 507 2437 Hannibali
529 2375 676 2437 missum:
699 2372 836 2458 proinde
851 2381 1043 2458 sequeretur
1057 2394 1164 2458 neque
1180 2397 1317 2461 usquam

149 2480 202 2535 7a
224 2480 259 2523 se
291 2457 482 2523 deflecteret
508 2457 628 2523 oculos.
666 2458 822 2544 pavidum
851 2461 956 2544 primo
989 2479 1150 2544 nusquam
1181 2463 1316 2526 circum·

183 2547 372 2631 spicientem
404 2554 459 2609 aut
490 2547 719 2630 respicientem
741 2554 902 2622 secutum3
938 2544 1056 2608 deinde
1089 2567 1168 2610 cura
1198 2549 1318 2631 ingenii

183 2630 325 2714 humani,
350 2654 432 2711 cum,
458 2631 612 2717 quidnam
634 2630 666 2694 id
685 2641 779 2713 esset,
803 2630 890 2716 quod
906 2632 1071 2716 respicere
1086 2633 1206 2698 vetitus
1223 2641 1317 2716 esset,

61 2792 64 2798 ι
147 2749 163 2795 g
182 2720 319 2800 agitaret
341 2720 458 2798 animo,
480 2726 665 2802 temperare
686 2715 786 2781 oculis
803 2718 1000 2802 nequivisse3
1023 2726 1093 2782 tum
1107 2718 1230 2784 vidisse
1245 2728 1318 2807 post

183 2823 255 2867 sese
278 2813 463 2889 serpentem
494 2805 576 2867 mira
606 2802 830 2884 magnitudine
858 2825 932 2866 cum
954 2805 1077 2886 ingenti
1100 2804 1258 2870 arborum
1281 2828 1317 2871 ac

181 2887 395 2970 virgultorum
419 2898 529 2970 strage
551 2889 629 2952 ferri
651 2910 689 2951 ac
710 2900 786 2974 post
807 2890 934 2974 insequi
968 2909 1041 2953 cum
1072 2888 1204 2974 fragore
1237 2889 1317 2956 caeli

147 2973 335 3039 onimbum.
359 2984 438 3054 tum,
462 2997 546 3061 quae
577 2974 678 3039 moles
712 2995 750 3036 ea
780 2973 899 3060 quidve
930 2975 1070 3061 prodigii
1094 2985 1189 3058 esset,
1220 3000 1315 3065 quae·

182 3070 308 3125 rentem
331 3060 461 3125 audisse
483 3063 667 3125 vastitatem
689 3059 804 3125 Italiae
837 3083 922 3126 esse:
954 3072 1108 3148 pergeret
1137 3085 1237 3149 porro
1271 3067 1316 3130 ire

181 3169 242 3212 nec
264 3145 349 3210 ultra
371 3149 549 3233 inquireret
571 3148 757 3232 sineretque
778 3146 846 3212 fata
867 3150 898 3212 in
923 3147 1051 3213 occulto
1075 3170 1156 3213 esse.

148 3251 160 3296 1
285 3231 415 3295 XXIII.
452 3232 526 3297 Hoc
562 3235 635 3297 visu
671 3230 775 3298 laetus
813 3236 973 3320 tripertito
1010 3234 1171 3300 Hiberum
1210 3240 1317 3326 copias

181 3320 308 3383 traiecit
329 3320 525 3405 praemissis,
553 3321 608 3405 qui
632 3317 801 3383 Gallorum
833 3321 966 3398 animos,
1000 3344 1064 3406 qua
1098 3321 1318 3390 traducendus

183 3407 345 3470 exercitus
370 3414 447 3482 erat,
474 3405 566 3470 donis
600 3404 809 3471 conciliarent
836 3402 1032 3491 Alpiumque
1064 3409 1216 3475 transitus
1249 3433 1317 3498 spe·

183 3489 379 3555 cularentur.
403 3494 579 3574 nonaginta
602 3490 690 3555 milia
709 3491 865 3577 peditum,
882 3489 1055 3556 duodecim
1071 3493 1159 3558 milia
1175 3499 1318 3583 equitum

147 3594 163 3640 a
184 3576 342 3641 Hiberum
364 3578 517 3642 traduxit.
541 3576 699 3660 Ilergetes
721 3574 797 3641 inde
812 3573 1055 3662 Bargusiosque
1078 3589 1110 3644 et
1131 3579 1317 3650 Ausetanos

183 3673 215 3726 et
237 3662 453 3736 Lacetaniam,
479 3684 561 3749 quae
585 3663 730 3727 subiecta
745 3661 921 3746 Pyrenaeis
937 3663 1099 3729 montibus
1115 3677 1173 3751 est,
1190 3670 1319 3749 subegit

185 3770 325 3834 oraeque
348 3749 424 3814 huic
447 3752 533 3814 omni
555 3748 711 3835 praefecit
733 3747 935 3824 Hannonem,
959 3756 995 3811 ut
1015 3748 1136 3833 fauces,
1160 3777 1245 3840 quae
1261 3756 1317 3821 Hi·

138 3837 311 3918 aspanias
346 3834 458 3900 Galliis
493 3837 637 3917 iungunt,
668 3837 701 3898 in
731 3840 889 3918 potestate
926 3844 1042 3898 assent
1082 3836 1197 3904 decem
1230 3843 1317 3908 milia
