2738 4146
256 180 259 185 -
360 151 471 202 nisan
489 151 779 202 xxr.crr.1e.1s.
801 151 1018 221 [arnamar
1215 142 1273 199 121

88 324 227 392 consilio
251 322 431 404 Saguntum
453 331 695 470 oppugnantem
711 321 952 408 deposcebatis;
976 333 1121 390 ceterum
1144 324 1226 389 hacc

91 412 211 495 legatio
232 409 342 473 verbis
365 408 473 473 adhuc
509 410 599 473 enior
622 418 678 487 est,
702 431 738 472 re
761 412 914 494 asperior.
938 420 1015 474 tunc
1038 413 1123 475 enirn
1138 409 1226 474 Han·
1246 431 1261 478 o

88 497 180 563 nibal
204 506 236 561 et
257 493 502 560 insimulabatur
534 503 566 558 et
593 494 844 577 deposcebatur:
877 517 962 559 nunc
995 496 1035 559 ab
1067 495 1161 560 nobis
1194 507 1227 561 et

90 583 253 650 confessio
286 580 402 667 culpae
425 581 616 667 exprimitur
638 589 670 644 et
692 589 727 644 ut
749 603 769 644 a
791 581 945 645 confessis
977 604 1029 646 res
1062 582 1225 669 extemplo

92 678 293 758 repetuntur.
326 689 386 748 ego
410 676 518 731 autem
539 687 614 745 non,
646 668 772 752 privato
806 666 979 753 publicone
1012 667 1144 733 consilio
1169 673 1262 737 Sao

88 765 230 840 guntum
253 762 474 841 oppugnatum
496 753 545 834 sit,
581 753 802 838 quaerendum
835 775 994 832 censeam,
1027 754 1085 817 sed
1117 764 1226 819 utrum

90 845 163 908 iure
187 863 228 905 an
257 842 387 904 miuria:
421 846 532 902 nostra
564 839 649 901 enim
671 837 754 902 haec
780 841 930 923 *quaestio
962 848 1059 924 atque
1082 842 1259 909 animadv

16 928 20 936 '
88 930 201 992 versio
231 928 264 989 in
287 927 393 990 civem
414 934 560 988 nostrum
592 932 649 1002 est,
684 924 760 1010 quid
795 935 905 990 nostro
937 934 992 988 aut
1024 949 1082 990 suo
1113 927 1226 991 fecerit

90 1013 241 1090 arbitri03
265 1010 435 1076 vobiscum
456 1032 522 1073 una
544 1008 733 1096 disceptatio
757 1020 814 1091 est,
838 1010 1006 1075 licueritne
1028 1034 1088 1098 per
1109 1012 1224 1078 foedus
1326 1075 1328 1079 ,

92 1100 174 1164 fieri.
197 1101 305 1183 itaque
328 1099 478 1183 quoniam
503 1096 642 1160 discerni
663 1095 779 1182 placet,
814 1097 891 1182 quid
922 1097 1053 1183 publico
1078 1097 1220 1180 consilio,
1246 1121 1262 1169 8

91 1186 172 1273 quid
195 1207 255 1249 sua
277 1192 391 1270 sponte
412 1185 624 1267 imperatores
647 1181 774 1262 faciant,
801 1182 895 1247 nobis
918 1182 1088 1249 vobiscum
1110 1184 1224 1250 foedus

90 1282 144 1338 est
165 1295 185 1335 a
207 1269 244 1334 Ο.
267 1269 397 1334 Lutatio
421 1266 552 1332 consule
567 1271 676 1350 ictum,
699 1269 730 1330 in
754 1291 818 1354 quo
844 1291 917 1333 cum
949 1280 1119 1334 caveretur
1139 1279 1225 1336 utro·

91 1378 232 1444 rumque
264 1357 369 1437 sociis,
392 1353 471 1418 nihil
495 1353 535 1416 de
570 1352 753 1437 Saguntinis
779 1391 813 1399 -
844 1355 986 1419 necdum
1017 1359 1101 1420 enim
1134 1367 1226 1421 erant

89 1445 174 1510 socii
196 1443 295 1506 vestri
321 1477 355 1486 -
382 1449 512 1504 cautum
536 1448 593 1504 est.
626 1448 659 1503 at
685 1441 770 1504 enim
802 1462 840 1504 eo
862 1440 1005 1512 foedere.
1039 1442 1126 1528 quod
1151 1454 1261 1508 cumo

93 1526 304 1594 Hasdrubale
324 1529 425 1591 ictum
447 1534 505 1604 est,
528 1524 696 1608 Saguntini
719 1528 930 1612 excipiuntur.
955 1527 1113 1592 adversus
1136 1529 1224 1614 quod

96 1639 158 1700 ego
180 1611 260 1679 nihil
284 1612 427 1677 dicturus
451 1635 532 1691 sum,
555 1613 616 1675 nisi
639 1611 726 1697 quod
750 1634 769 1675 a
792 1611 884 1676 vobis
908 1611 1014 1677 didici.
1046 1637 1105 1678 vos
1128 1617 1223 1694 enim,
1244 1629 1276 1676 10

89 1700 182 1790 quod
205 1699 242 1764 Ο.
266 1697 413 1763 Lutatius
436 1696 547 1762 consul
580 1699 684 1785 primo
706 1697 877 1762 nobiscum
904 1698 1018 1763 foedus
1054 1702 1117 1781 icit,
1150 1703 1225 1786 quia

89 1809 201 1874 neque
222 1807 266 1850 ex
299 1786 488 1849 auctoritate
518 1793 648 1871 patrum
677 1805 739 1847 nec
760 1783 872 1870 populi
901 1787 991 1849 iussu
1012 1787 1111 1850 ictum
1146 1797 1223 1868 erat,
1340 1846 1342 1851 ,

89 1875 234 1955 negastis
249 1893 310 1936 vos
326 1893 364 1936 eo
387 1872 503 1948 teneri3
526 1872 634 1956 itaque
651 1868 736 1933 aliud
754 1870 795 1933 de
815 1870 1070 1953 integrofoedus
1092 1870 1223 1957 publico

89 1957 228 2025 consilio
261 1959 361 2022 ictum
393 1965 451 2021 est
483 1957 510 2020 si
540 1978 599 2019 vos
629 1977 695 2019 non
725 1965 836 2020 tenent
858 1956 992 2021 foedera
1025 1967 1134 2022 vestra
1163 1961 1224 2022 nisi
1244 1972 1273 2019 11

88 2069 137 2110 ex
158 2045 348 2109 auctoritate
370 2052 426 2107 aut
446 2044 537 2106 iussu
558 2050 666 2107 vestro
688 2044 761 2124 icta,
784 2064 825 2105 ne
847 2041 905 2107 nos
929 2043 1060 2128 quidem
1077 2043 1222 2109 Hasdru·

91 2129 176 2197 balis
197 2129 323 2208 foedus,
346 2127 433 2216 quod
449 2127 543 2193 nobis
565 2130 673 2192 insciis
695 2130 759 2208 icit,
784 2127 929 2210 obligare
950 2131 1063 2216 potuit.
1086 2130 1223 2217 proinde
1243 2146 1276 2194 12

88 2219 228 2284 omittite
255 2214 390 2297 Sagunti
419 2224 516 2301 atque
538 2213 655 2278 Hiberi
684 2216 879 2279 mentionem
910 2214 1027 2297 facere,
1060 2225 1101 2296 et,
1134 2217 1222 2302 quod
1289 2230 1291 2234 ‘

91 2304 151 2369 diu
172 2302 309 2390 parturit
331 2303 455 2366 animus
477 2309 596 2378 vester,
621 2297 793 2386 aliquando
816 2299 951 2387 pariat.“
976 2300 1276 2367 tumRomanus13

86 2393 166 2456 sinu
189 2410 232 2452 ex
260 2398 338 2471 toga
370 2385 455 2451 facto
491 2384 583 2467 „hic“
615 2388 719 2471 inquit
749 2387 862 2468 „vobis
892 2385 1016 2451 bellum
1047 2396 1080 2451 et
1109 2410 1224 2475 pacem

84 2484 274 2563 portamus:
306 2482 415 2538 utrum
444 2470 563 2558 placet,
596 2471 742 2536 sumite“.
781 2472 841 2536 sub
873 2471 955 2536 hanc
992 2494 1107 2538 vocem
1135 2473 1223 2538 haud

88 2564 199 2627 minus
221 2558 382 2642 ferociter,
417 2557 519 2634 daret,
550 2566 660 2623 utrum
691 2556 798 2639 vellet,
830 2557 1063 2623 succlamatum
1094 2569 1157 2639 est3
1192 2569 1277 2627 et14

83 2671 168 2714 cum
189 2647 217 2711 is
238 2647 356 2726 iterum
378 2646 450 2709 sinu
473 2643 574 2709 effuso
597 2642 720 2709 bellum
744 2643 821 2707 dare
845 2643 989 2722 dixisset,
1017 2647 1166 2731 accipere
1188 2668 1224 2711 se

85 2753 205 2799 omnes
228 2730 465 2818 responderunt
486 2739 527 2809 ct,
551 2729 668 2816 quibus
692 2732 876 2816 acciperent
899 2732 1022 2811 animis,
1049 2732 1165 2797 iisdem
1188 2754 1224 2797 se

114 2828 251 2884 estums.

82 2843 113 2904 g
195 2901 290 2967 XIX.
321 2900 414 2967 Haec
446 2901 578 2966 derecta
598 2904 819 2988 percunctatio
852 2925 890 2966 ac
918 2901 1115 2968 denuntiatio
1148 2903 1258 2969 bellil

84 2991 195 3074 magis
218 3011 259 3054 ex
275 2989 429 3072 dignitate
443 2986 556 3075 populi
576 2986 713 3052 Romani
726 2990 798 3051 visa
821 2997 870 3052 est
885 3010 981 3073 quam
998 2989 1039 3053 de
1054 2988 1223 3055 foederum

82 3079 162 3143 iure
176 3074 287 3141 verbis
303 3075 496 3160 disceptare,
512 3083 686 3153 comante,
702 3082 771 3138 tum
786 3076 927 3139 maxime
943 3073 1086 3156 Sagunto
1103 3078 1221 3140 excisa.

83 3185 167 3228 nam
188 3164 216 3227 si
237 3160 412 3226 verborum
435 3159 675 3247 disceptationis
699 3181 750 3224 res
774 3170 868 3231 esset,
899 3161 975 3247 quid
1000 3160 1115 3225 foedus
1138 3160 1258 3225 Has-2

88 3246 237 3314 drubalis
252 3269 327 3313 cum
341 3244 461 3310 Lutatii
482 3249 590 3333 priore
606 3244 749 3325 foedere,
773 3245 860 3331 quod
881 3256 1039 3310 mutatum
1055 3256 1112 3327 est,
1136 3269 1222 3312 com·

83 3333 272 3425 parandum
309 3329 398 3397 erat?
435 3354 510 3397 eum
541 3334 575 3396 in
605 3331 726 3396 Lutatii
755 3331 889 3396 foedere
922 3332 1039 3396 diserte
1078 3332 1257 3398 addituma

85 3429 186 3499 esset,
209 3421 255 3484 ita
275 3417 309 3483 id
324 3427 430 3482 ratum
444 3417 526 3498 fore,
550 3419 577 3482 si
591 3417 731 3505 populus
747 3421 934 3500 censuisset,
958 3421 990 3482 in
1007 3418 1223 3483 Hasdrubalis

85 3506 223 3582 foedere
243 3526 306 3570 nec
329 3513 502 3591 exceptum
524 3503 589 3568 tale
612 3506 785 3590 quicquam
807 3504 912 3577 fuerit,
944 3513 976 3568 et
997 3514 1045 3568 tot
1067 3527 1222 3569 annorum

85 3591 215 3659 silentio
237 3593 283 3656 ita
312 3592 388 3656 vivo
419 3611 457 3655 eo
481 3589 716 3676 conprobatum
748 3593 788 3654 sit
809 3589 935 3670 foedus,
967 3600 1003 3654 ut
1033 3612 1074 3653 ne
1097 3600 1223 3656 mortuo

110 3678 220 3744 uidem
243 3685 376 3742 auctore
398 3678 571 3762 quicquam
593 3685 780 3740 mutaretur.
804 3698 1009 3761 quamquam,
1034 3679 1093 3740 etsi
1115 3679 1224 3762 priore

84 3702 221 3831 beders
244 3770 394 3832 staretur,
427 3764 503 3826 satis
536 3771 665 3826 cautum
689 3771 758 3825 erat
780 3761 975 3845 Saguntinis,
1009 3765 1104 3826 sociis
1136 3773 1222 3828 utro·

85 3873 226 3938 rumque
259 3850 418 3935 exceptis:
447 3869 522 3913 nam
553 3869 661 3936 neque
697 3848 849 3915 additum
879 3858 953 3914 erat
989 3851 1059 3931 pis,
1079 3850 1142 3933 axii
1156 3858 1245 3909 aune
1264 3863 1286 3904 s
