2738 4146
374 111 483 160 ninas
500 113 536 161 n.
556 111 630 161 car.
650 114 692 162 aa.
711 116 753 162 ss.
773 111 806 179 [a.
825 111 857 162 u.
877 129 899 161 ο.
917 110 986 178 aaut
1232 100 1271 155 71

194 282 305 346 XXII.
332 281 414 348 (lum
438 284 634 348 Volscorum
658 295 754 367 gente
776 284 894 348 Latino
919 283 1005 348 bello
1028 307 1136 371 neque
1159 306 1225 368 pax
1246 306 1258 350 1

88 391 198 456 neque
222 369 345 434 bellum
368 370 488 450 fuerat3
512 393 587 434 nam
611 382 642 434 et
664 370 778 434 Volsci
802 381 1072 456 comparaverant
1094 370 1224 451 auxilia,

90 479 176 542 quae
201 458 367 520 mitterent
388 457 523 539 Latinis,
545 459 579 521 ni
601 467 797 521 maturatum
825 457 866 520 ab
897 457 1055 521 dictatore
1078 458 1223 520 Romano

90 553 189 620 esset,
218 554 250 606 et
278 545 452 607 maturavit
478 544 654 624 Romanus,
686 565 727 606 ne
760 542 882 628 proelio
915 565 978 607 uno
1012 567 1083 607 cum
1107 542 1224 606 Latino

89 629 280 715 Volscoque
304 630 525 694 contenderet.
549 629 611 692 hac
634 632 682 692 ira
705 629 853 694 consules
876 630 910 693 in
933 629 1088 694 Volscum
1112 645 1261 712 agruma

89 714 236 798 legiones
261 717 394 780 duxere.
412 716 548 780 Volscos
574 716 697 779 consilii
719 738 859 802 poenam
874 738 938 780 non
954 726 1134 780 metuentes
1150 737 1223 780 nec·

93 803 229 887 opinata
264 823 317 865 res
354 803 508 888 perculit3
546 824 710 866 armorum
739 803 954 890 ‚immemores
986 802 1117 866 obsides
1150 803 1227 865 dant

90 898 258 953 trecentos
282 889 467 974 principum
492 887 613 952 aOora
636 898 734 973 atque
757 888 906 953 Pometia
928 888 1064 953 liberos:
1088 891 1133 951 ita
1156 890 1224 951 sine

92 978 270 1039 certamine
292 976 370 1038 inde
392 975 554 1038 abductae
569 973 723 1056 legiones.
748 996 808 1037 uec
824 976 870 1038 ita
888 973 991 1040 multo
1008 985 1081 1059 post
1096 973 1225 1038 Volscis
1245 991 1260 1038 3

91 1061 208 1125 levatis
232 1070 321 1124 metu
344 1084 436 1124 suum
459 1061 558 1123 rediit
580 1062 762 1144 ingemum3
786 1084 898 1124 rursus
923 1060 1084 1125 occultum
1109 1071 1226 1146 parant

90 1146 215 1212 bellum
238 1148 390 1210 Hernicis
416 1149 449 1210 in
478 1148 665 1210 societatem
693 1169 857 1210 armorum
880 1148 1071 1231 adsumptis.
1099 1146 1225 1230 legatos
1245 1165 1261 1210 4

23 1245 25 1247 ’
91 1255 225 1320 quoque
249 1234 291 1296 ad
314 1233 555 1297 sollicitandum
576 1232 706 1296 Latium
729 1235 850 1318 passim
875 1234 1051 1314 dimittuut3
1089 1235 1147 1297 sed
1174 1254 1224 1296 re·

92 1342 171 1384 cens
195 1319 237 1382 ad
252 1319 413 1404 Regillum
436 1319 543 1398 lacurn
565 1328 701 1404 accepta
726 1319 833 1383 clades
856 1319 991 1383 Latinos
1014 1320 1063 1382 ira
1085 1320 1225 1404 odioque

92 1408 173 1485 eius,
202 1409 398 1492 quicumque
422 1427 512 1469 arma
534 1405 697 1477 suaderet,
729 1428 770 1469 ne
794 1405 835 1468 ab
866 1405 980 1488 legatis
1004 1407 1136 1490 quidem
1158 1407 1225 1470 vio·

91 1492 199 1555 landis
223 1492 391 1556 abstinuit:
426 1491 666 1576 conprehensos
688 1490 829 1555 Volscos
852 1492 988 1554 Romam
1018 1493 1152 1555 duxere.
1180 1491 1226 1555 ibi

92 1579 206 1642 traditi
238 1578 435 1657 consulibus,
472 1578 717 1663 indicatumque
750 1588 799 1641 est
820 1575 969 1641 'Volscos
1000 1578 1225 1663 Hernicosque

92 1686 210 1750 parare
241 1663 361 1729 bellum
396 1664 559 1727 Romanis.
597 1663 701 1726 relata
730 1686 767 1728 re
800 1664 841 1727 ad
873 1672 1020 1729 senatum
1053 1666 1135 1728 adeo
1167 1666 1262 1728 tuito

92 1759 224 1836 gratum
246 1751 403 1836 patribus,
426 1760 462 1813 ut
485 1760 517 1814 et
540 1752 743 1834 captivorum
773 1772 833 1813 sex
859 1749 948 1813 milia
969 1750 1094 1814 Latinis
1116 1752 1225 1813 remit-

92 1847 202 1902 terent
231 1846 263 1901 et
291 1837 331 1901 de
359 1837 503 1914 loedere,
543 1836 631 1921 quod
659 1859 764 1920 prope
791 1837 824 1899 in
851 1846 1045 1922 perpetuum
1072 1847 1225 1920 negatum

91 1924 209 1999 fuerat,
239 1946 308 1987 rem
337 1924 379 1986 ad
402 1945 504 1986 novos
531 1924 741 2006 magistratus
764 1924 934 1986 reicerent.
963 1925 1128 1986 enimvero
1156 1932 1261 1988 tumt

92 2010 202 2072 Latini
225 2011 369 2092 gaudere
391 2009 493 2090 fact03
525 2011 617 2093 pacis
640 2018 792 2073 auctores
815 2011 848 2072 in
869 2011 991 2092 ingenti
1015 2009 1119 2090 gloria
1141 2031 1223 2072 esse.

92 2119 247 2160 coronam
275 2118 408 2158 auream
434 2095 506 2158 Iovi
539 2095 660 2158 donum
691 2096 724 2158 in
752 2092 948 2180 Capitolium
979 2097 1117 2158 mittunt.
1152 2117 1224 2158 cum

92 2183 209 2267 legatis
243 2177 395 2266 donoque
427 2183 482 2267 qui
515 2183 715 2264 captivorum
746 2183 874 2244 remissi
906 2181 948 2244 ad
980 2203 1055 2245 suos
1087 2181 1224 2262 fuerant,

93 2291 213 2351 magna
239 2268 435 2331 circumfusa
461 2266 634 2332 multitudo
664 2268 762 2331 venit.
792 2277 932 2352 pergunt
960 2267 1073 2331 domos
1102 2288 1259 2347 eorum‚7

92 2355 183 2442 apud
200 2377 297 2440 quem
314 2356 451 2440 quisque
467 2356 661 2434 servierant3
678 2355 797 2436 gratias
812 2365 913 2436 agunt
928 2352 1106 2416 liberaliter
1122 2352 1225 2416 habiti

93 2441 238 2526 cultique
261 2442 293 2503 in
317 2439 500 2503 calamitate
524 2461 597 2522 sua;
620 2439 697 2501 inde
720 2439 860 2523 hospitia
879 2441 1024 2522 iungunt.
1048 2461 1225 2525 numquam

93 2527 174 2592 alias
197 2536 271 2590 ante
295 2526 424 2613 publice
447 2527 666 2610 privatimque
681 2525 835 2588 Latinum
857 2547 976 2589 nomen
998 2525 1143 2588 Romano
1167 2529 1225 2587 im·

92 2616 185 2700 perio
210 2615 411 2676 coniunctius
433 2613 503 2677 luit.

196 2699 324 2763 XXIII.
349 2698 415 2763 Sed
439 2707 471 2762 et
498 2697 619 2762 bellum
641 2697 797 2761 Volscum
826 2695 1024 2777 imminebat,
1058 2707 1090 2760 et
1113 2697 1225 2760 civitas
1250 2705 1262 2750 1
1345 2743 1349 2752 Δ

93 2809 207 2851 secum
230 2787 301 2871 ipsa
318 2786 441 2848 discors
456 2785 608 2849 intestino
626 2784 711 2846 inter
726 2792 837 2868 patres
854 2782 1050 2868 plebemque
1066 2782 1227 2866 flagrabat

93 2874 178 2950 odio,
202 2873 343 2935 maxime
366 2879 502 2956 propter
528 2891 631 2933 nexos
655 2870 696 2933 ob
725 2891 780 2932 aes
804 2868 952 2932 alienum.
982 2869 1164 2933 fremebant
1191 2892 1224 2931 se
1244 2877 1259 2924 2

92 2961 170 3024 foris
203 2981 263 3044 pro
295 2957 445 3021 libertate
478 2966 510 3020 et
540 2956 677 3040 imperio
710 2955 900 3018 dimicantes
934 2955 1020 3018 domi
1052 2978 1072 3018 a
1099 2954 1224 3018 civibus

92 3055 206 3131 captos
230 3054 262 3108 et
285 3065 460 3130 oppressos
478 3063 559 3123 esse,
583 3043 800 3124 tutioremque
823 3043 856 3104 in
872 3040 958 3104 bello
984 3062 1081 3126 quam
1096 3043 1128 3103 in
1144 3063 1224 3125 pace

92 3143 125 3196 et
146 3133 231 3194 inter
253 3129 363 3193 hostes
387 3151 485 3214 quam
507 3132 591 3191 inter
614 3130 700 3192 cives
723 3127 906 3191 libertatem
929 3125 1035 3210 plebis
1059 3148 1145 3208 esse;
1177 3129 1223 3189 in-

91 3217 279 3302 vidiamque
314 3238 386 3279 eam
417 3236 476 3278 sua
504 3224 618 3298 sponte
650 3213 840 3296 gliscentem
864 3214 999 3295 insignis
1023 3213 1116 3276 unius
1141 3211 1222 3275 cala·

91 3304 187 3368 mitas
210 3302 370 3366 accendit.
394 3322 510 3384 magno
534 3310 612 3364 natu
636 3301 767 3386 quidam
795 3321 868 3362 cum
895 3300 1038 3362 omnium
1064 3297 1224 3362 malorum
1244 3309 1260 3358 3

91 3412 225 3455 suorum
247 3388 426 3471 insignibus
450 3410 485 3451 se
507 3388 540 3451 in
554 3387 660 3450 forum
682 3386 826 3471 proiecit.
852 3383 957 3448 obsita
981 3394 1050 3448 erat
1073 3384 1223 3470 squalore

35 3486 38 3490 “
89 3477 203 3548 vestis,
230 3475 358 3539 foedior
381 3475 526 3558 corporis
549 3472 681 3537 habitus
704 3470 828 3556 pallore
851 3493 890 3534 ac
917 3473 1020 3535 macie
1047 3473 1222 3557 perempti;

91 3562 134 3626 ad
158 3561 221 3625 hoc
245 3562 403 3645 promissa
425 3559 529 3623 barba
552 3570 584 3622 et
607 3557 716 3642 capilli
740 3557 956 3621 efferaverant
979 3559 1121 3642 speciem
1146 3559 1220 3620 oris.
1243 3568 1260 3616 4

90 3647 312 3713 noscitabatur
333 3658 442 3710 tamen
465 3647 609 3708 intanta
633 3644 848 3725 deformitate,
875 3652 908 3707 et
931 3644 1060 3706 ordines
1090 3643 1227 3706 duxisse·

90 3735 224 3799 aiebant
251 3732 379 3818 aliaque
405 3730 539 3796 militiae
567 3731 688 3795 decora
713 3729 812 3815 vulgo
839 3732 1033 3794 miserantes
1059 3751 1141 3790 eum
1159 3728 1234 3816 ‘aaa

89 3821 218 3901 tabant3
251 3820 322 3905 ipse
349 3827 449 3883 testes
475 3817 687 3883 honestarum
715 3816 846 3903 aliquot
866 3816 959 3880 loeis
983 3828 1187 3898 pugnarum
1212 3824 1262 3860 ex·
