<?xml version="1.0" encoding="UTF-8"?>
<!DOCTYPE html PUBLIC "-//W3C//DTD XHTML 1.0 Transitional//EN"
    "http://www.w3.org/TR/xhtml1/DTD/xhtml1-transitional.dtd">
<html xmlns="http://www.w3.org/1999/xhtml" xml:lang="en" lang="en">
 <head>
  <title>
</title>
<meta http-equiv="Content-Type" content="text/html;charset=utf-8" />
  <meta name='ocr-system' content='tesseract 3.04.00' />
  <meta name='ocr-capabilities' content='ocr_page ocr_carea ocr_par ocr_line ocrx_word'/>
</head>
<body>
  <div class='ocr_page' id='page_1' title='image "./aburbeconditali02livygoog_0239.png"; bbox 0 0 2738 4146; ppageno 0'>
   <div class='ocr_carea' id='block_1_1' title="bbox 88 89 990 172">
    <p class='ocr_par' dir='ltr' id='par_1_1' title="bbox 88 89 990 172">
     <span class='ocr_line' id='line_1_1' title="bbox 88 89 990 172; baseline 0.007 -25"><span class='ocrx_word' id='word_1_1' title='bbox 88 89 150 148; x_wconf 78' lang='lat'><strong>226</strong></span> <span class='ocrx_word' id='word_1_2' title='bbox 368 104 479 155; x_wconf 82' lang='lat' dir='ltr'><strong>nmnn</strong></span> <span class='ocrx_word' id='word_1_3' title='bbox 489 106 538 159; x_wconf 89' lang='lat' dir='ltr'><strong>1n</strong></span> <span class='ocrx_word' id='word_1_4' title='bbox 557 105 633 156; x_wconf 77' lang='lat' dir='ltr'><strong>cnr.</strong></span> <span class='ocrx_word' id='word_1_5' title='bbox 651 108 694 157; x_wconf 81' lang='lat' dir='ltr'><strong>ss.</strong></span> <span class='ocrx_word' id='word_1_6' title='bbox 712 111 754 157; x_wconf 83' lang='lat' dir='ltr'><strong>sa.</strong></span> <span class='ocrx_word' id='word_1_7' title='bbox 773 103 807 172; x_wconf 65' lang='lat' dir='ltr'><strong>[a</strong></span> <span class='ocrx_word' id='word_1_8' title='bbox 825 103 859 155; x_wconf 88' lang='lat' dir='ltr'><strong>u.</strong></span> <span class='ocrx_word' id='word_1_9' title='bbox 878 120 901 154; x_wconf 69' lang='grc' dir='ltr'><strong>ο.</strong></span> <span class='ocrx_word' id='word_1_10' title='bbox 920 102 990 171; x_wconf 82' lang='lat' dir='ltr'><strong>rosJ.</strong></span> 
     </span>
    </p>
   </div>
   <div class='ocr_carea' id='block_1_2' title="bbox 27 271 1283 3881">
    <p class='ocr_par' dir='ltr' id='par_1_2' title="bbox 102 271 1283 514">
     <span class='ocr_line' id='line_1_2' title="bbox 102 271 1275 362; baseline -0.008 -20"><span class='ocrx_word' id='word_1_11' title='bbox 102 291 118 342; x_wconf 88' lang='lat'>1</span> <span class='ocrx_word' id='word_1_12' title='bbox 240 273 315 340; x_wconf 89' lang='lat' dir='ltr'>LII.</span> <span class='ocrx_word' id='word_1_13' title='bbox 355 275 421 341; x_wconf 90' lang='lat' dir='ltr'><strong>Per</strong></span> <span class='ocrx_word' id='word_1_14' title='bbox 450 275 496 340; x_wconf 88' lang='grc' dir='ltr'><strong>Μ.</strong></span> <span class='ocrx_word' id='word_1_15' title='bbox 529 273 700 359; x_wconf 87' lang='lat' dir='ltr'>Duillium,</span> <span class='ocrx_word' id='word_1_16' title='bbox 738 277 794 362; x_wconf 94' lang='lat' dir='ltr'><strong>qui</strong></span> <span class='ocrx_word' id='word_1_17' title='bbox 826 275 974 340; x_wconf 86' lang='lat' dir='ltr'><strong>tribunus</strong></span> <span class='ocrx_word' id='word_1_18' title='bbox 1011 271 1120 360; x_wconf 89' lang='lat' dir='ltr'><strong>plebis</strong></span> <span class='ocrx_word' id='word_1_19' title='bbox 1157 272 1275 350; x_wconf 83' lang='lat' dir='ltr'><strong>fuerat,</strong></span> 
     </span>
     <span class='ocr_line' id='line_1_3' title="bbox 141 358 1282 448; baseline -0.002 -24"><span class='ocrx_word' id='word_1_20' title='bbox 141 359 263 426; x_wconf 78' lang='lat' dir='ltr'><strong>certior</strong></span> <span class='ocrx_word' id='word_1_21' title='bbox 284 361 371 426; x_wconf 86' lang='lat' dir='ltr'><strong>facta</strong></span> <span class='ocrx_word' id='word_1_22' title='bbox 393 361 489 448; x_wconf 84' lang='lat' dir='ltr'>plebs</span> <span class='ocrx_word' id='word_1_23' title='bbox 512 361 773 428; x_wconf 77' lang='lat' dir='ltr'><strong>contentionibus</strong></span> <span class='ocrx_word' id='word_1_24' title='bbox 796 361 941 425; x_wconf 77' lang='lat' dir='ltr'><strong>adsiduis</strong></span> <span class='ocrx_word' id='word_1_25' title='bbox 968 358 1050 426; x_wconf 92' lang='lat' dir='ltr'><strong>nihil</strong></span> <span class='ocrx_word' id='word_1_26' title='bbox 1071 359 1220 443; x_wconf 83' lang='lat' dir='ltr'><strong>transigi,</strong></span> <span class='ocrx_word' id='word_1_27' title='bbox 1242 359 1282 444; x_wconf 29' lang='lat' dir='ltr'><strong>in·</strong></span> 
     </span>
     <span class='ocr_line' id='line_1_4' title="bbox 142 443 1283 514; baseline -0.004 -3"><span class='ocrx_word' id='word_1_28' title='bbox 142 445 278 512; x_wconf 84' lang='lat' dir='ltr'><strong>Sacrum</strong></span> <span class='ocrx_word' id='word_1_29' title='bbox 302 459 447 512; x_wconf 84' lang='lat' dir='ltr'><strong>montem</strong></span> <span class='ocrx_word' id='word_1_30' title='bbox 470 470 513 514; x_wconf 84' lang='lat' dir='ltr'><strong>ex</strong></span> <span class='ocrx_word' id='word_1_31' title='bbox 533 445 699 514; x_wconf 90' lang='lat' dir='ltr'><strong>Aventino</strong></span> <span class='ocrx_word' id='word_1_32' title='bbox 722 449 837 512; x_wconf 81' lang='lat' dir='ltr'><strong>transit</strong></span> <span class='ocrx_word' id='word_1_33' title='bbox 859 446 1053 511; x_wconf 83' lang='lat' dir='ltr'><strong>adfirmante</strong></span> <span class='ocrx_word' id='word_1_34' title='bbox 1067 443 1195 509; x_wconf 85' lang='lat' dir='ltr'><strong>Duillio</strong></span> <span class='ocrx_word' id='word_1_35' title='bbox 1210 465 1283 507; x_wconf 88' lang='lat' dir='ltr'><strong>non</strong></span> 
     </span>
    </p>

    <p class='ocr_par' dir='ltr' id='par_1_3' title="bbox 105 532 1275 793">
     <span class='ocr_line' id='line_1_5' title="bbox 105 532 1275 619; baseline -0.001 -24"><span class='ocrx_word' id='word_1_36' title='bbox 105 532 240 617; x_wconf 71' lang='lat' dir='ltr'><strong>aptius,</strong></span> <span class='ocrx_word' id='word_1_37' title='bbox 264 554 363 619; x_wconf 88' lang='lat' dir='ltr'><strong>quam</strong></span> <span class='ocrx_word' id='word_1_38' title='bbox 386 535 495 598; x_wconf 90' lang='lat' dir='ltr'><strong>deseri</strong></span> <span class='ocrx_word' id='word_1_39' title='bbox 516 534 631 598; x_wconf 92' lang='lat' dir='ltr'><strong>urbem</strong></span> <span class='ocrx_word' id='word_1_40' title='bbox 653 535 798 617; x_wconf 88' lang='lat' dir='ltr'><strong>videant,</strong></span> <span class='ocrx_word' id='word_1_41' title='bbox 821 555 933 597; x_wconf 88' lang='lat' dir='ltr'><strong>curam</strong></span> <span class='ocrx_word' id='word_1_42' title='bbox 955 533 988 596; x_wconf 94' lang='lat' dir='ltr'><strong>in</strong></span> <span class='ocrx_word' id='word_1_43' title='bbox 1002 532 1128 596; x_wconf 92' lang='lat' dir='ltr'><strong>animos</strong></span> <span class='ocrx_word' id='word_1_44' title='bbox 1143 539 1275 616; x_wconf 87' lang='lat' dir='ltr'><strong>patrum</strong></span> 
     </span>
     <span class='ocr_line' id='line_1_6' title="bbox 142 617 1274 701; baseline -0.001 -20"><span class='ocrx_word' id='word_1_45' title='bbox 142 617 388 701; x_wconf 84' lang='lat' dir='ltr'><strong>descensuram3</strong></span> <span class='ocrx_word' id='word_1_46' title='bbox 433 620 673 684; x_wconf 84' lang='lat' dir='ltr'><strong>admoniturum</strong></span> <span class='ocrx_word' id='word_1_47' title='bbox 711 620 847 686; x_wconf 86' lang='lat' dir='ltr'><strong>Sacrum</strong></span> <span class='ocrx_word' id='word_1_48' title='bbox 890 627 1035 682; x_wconf 90' lang='lat' dir='ltr'><strong>montem</strong></span> <span class='ocrx_word' id='word_1_49' title='bbox 1072 617 1274 682; x_wconf 88' lang='lat' dir='ltr'><strong>constantiae</strong></span> 
     </span>
     <span class='ocr_line' id='line_1_7' title="bbox 140 701 1275 793; baseline -0.002 -27"><span class='ocrx_word' id='word_1_50' title='bbox 140 701 260 790; x_wconf 83' lang='lat' dir='ltr'><strong>plebis,</strong></span> <span class='ocrx_word' id='word_1_51' title='bbox 292 706 440 788; x_wconf 87' lang='lat' dir='ltr'><strong>scituros,</strong></span> <span class='ocrx_word' id='word_1_52' title='bbox 479 727 577 793; x_wconf 89' lang='lat' dir='ltr'><strong>quam</strong></span> <span class='ocrx_word' id='word_1_53' title='bbox 610 708 680 771; x_wconf 93' lang='lat' dir='ltr'><strong>sine</strong></span> <span class='ocrx_word' id='word_1_54' title='bbox 716 707 866 771; x_wconf 86' lang='lat' dir='ltr'><strong>restituta</strong></span> <span class='ocrx_word' id='word_1_55' title='bbox 924 714 1062 769; x_wconf 88' lang='lat' dir='ltr'><strong>otestate</strong></span> <span class='ocrx_word' id='word_1_56' title='bbox 1099 702 1275 767; x_wconf 88' lang='lat' dir='ltr'><strong>tribunicia</strong></span> 
     </span>
    </p>

    <p class='ocr_par' dir='ltr' id='par_1_4' title="bbox 106 728 1274 879">
     <span class='ocr_line' id='line_1_8' title="bbox 106 728 1274 879; baseline 0 -27"><span class='ocrx_word' id='word_1_57' title='bbox 106 799 122 844; x_wconf 80' lang='grc'><strong>8</strong></span> <span class='ocrx_word' id='word_1_58' title='bbox 140 788 247 873; x_wconf 76' lang='lat' dir='ltr'><strong>redigi</strong></span> <span class='ocrx_word' id='word_1_59' title='bbox 268 793 303 854; x_wconf 89' lang='lat' dir='ltr'><strong>in</strong></span> <span class='ocrx_word' id='word_1_60' title='bbox 325 791 534 856; x_wconf 80' lang='lat' dir='ltr'><strong>concordiam</strong></span> <span class='ocrx_word' id='word_1_61' title='bbox 555 814 609 857; x_wconf 88' lang='lat' dir='ltr'><strong>res</strong></span> <span class='ocrx_word' id='word_1_62' title='bbox 630 802 803 879; x_wconf 86' lang='lat' dir='ltr'><strong>nequeant.</strong></span> <span class='ocrx_word' id='word_1_63' title='bbox 825 793 880 856; x_wconf 86' lang='lat' dir='ltr'><strong>via</strong></span> <span class='ocrx_word' id='word_1_64' title='bbox 898 728 1112 872; x_wconf 68' lang='lat' dir='ltr'><strong>limentana,</strong></span> <span class='ocrx_word' id='word_1_65' title='bbox 1135 791 1190 853; x_wconf 93' lang='lat' dir='ltr'><strong>cui</strong></span> <span class='ocrx_word' id='word_1_66' title='bbox 1204 797 1274 852; x_wconf 89' lang='lat' dir='ltr'><strong>turn</strong></span> 
     </span>
    </p>

    <p class='ocr_par' dir='ltr' id='par_1_5' title="bbox 98 874 1272 1137">
     <span class='ocr_line' id='line_1_9' title="bbox 98 874 1272 962; baseline 0 -25"><span class='ocrx_word' id='word_1_67' title='bbox 98 892 103 908; x_wconf 73' lang='grc'><strong>“</strong></span> <span class='ocrx_word' id='word_1_68' title='bbox 140 874 308 939; x_wconf 75' lang='lat' dir='ltr'><strong>Ficulensi</strong></span> <span class='ocrx_word' id='word_1_69' title='bbox 328 897 448 941; x_wconf 92' lang='lat' dir='ltr'><strong>nomen</strong></span> <span class='ocrx_word' id='word_1_70' title='bbox 469 877 540 954; x_wconf 86' lang='lat' dir='ltr'><strong>fuit,</strong></span> <span class='ocrx_word' id='word_1_71' title='bbox 572 880 710 962; x_wconf 88' lang='lat' dir='ltr'><strong>profecti</strong></span> <span class='ocrx_word' id='word_1_72' title='bbox 734 888 841 943; x_wconf 88' lang='lat' dir='ltr'><strong>castra</strong></span> <span class='ocrx_word' id='word_1_73' title='bbox 870 878 902 940; x_wconf 94' lang='lat' dir='ltr'><strong>in</strong></span> <span class='ocrx_word' id='word_1_74' title='bbox 930 885 1041 941; x_wconf 89' lang='lat' dir='ltr'><strong>monte</strong></span> <span class='ocrx_word' id='word_1_75' title='bbox 1063 875 1165 941; x_wconf 89' lang='lat' dir='ltr'><strong>Sacro</strong></span> <span class='ocrx_word' id='word_1_76' title='bbox 1188 874 1272 939; x_wconf 88' lang='lat' dir='ltr'><strong>loca-</strong></span> 
     </span>
     <span class='ocr_line' id='line_1_10' title="bbox 139 960 1272 1048; baseline -0.002 -23"><span class='ocrx_word' id='word_1_77' title='bbox 139 983 218 1026; x_wconf 86' lang='lat' dir='ltr'><strong>vere</strong></span> <span class='ocrx_word' id='word_1_78' title='bbox 253 961 448 1026; x_wconf 83' lang='lat' dir='ltr'><strong>modestiam</strong></span> <span class='ocrx_word' id='word_1_79' title='bbox 485 973 617 1048; x_wconf 87' lang='lat' dir='ltr'><strong>patrum</strong></span> <span class='ocrx_word' id='word_1_80' title='bbox 653 985 786 1029; x_wconf 91' lang='lat' dir='ltr'><strong>suorum</strong></span> <span class='ocrx_word' id='word_1_81' title='bbox 830 961 911 1026; x_wconf 88' lang='lat' dir='ltr'><strong>nihil</strong></span> <span class='ocrx_word' id='word_1_82' title='bbox 952 960 1107 1048; x_wconf 85' lang='lat' dir='ltr'><strong>violando</strong></span> <span class='ocrx_word' id='word_1_83' title='bbox 1143 961 1272 1025; x_wconf 80' lang='lat' dir='ltr'><strong>imitati.</strong></span> 
     </span>
     <span class='ocr_line' id='line_1_11' title="bbox 143 1048 1271 1137; baseline 0 -27"><span class='ocrx_word' id='word_1_84' title='bbox 143 1056 256 1111; x_wconf 90' lang='lat' dir='ltr'><strong>secuta</strong></span> <span class='ocrx_word' id='word_1_85' title='bbox 278 1049 457 1112; x_wconf 84' lang='lat' dir='ltr'><strong>exercitum</strong></span> <span class='ocrx_word' id='word_1_86' title='bbox 481 1048 575 1134; x_wconf 88' lang='lat' dir='ltr'><strong>plebs</strong></span> <span class='ocrx_word' id='word_1_87' title='bbox 596 1048 696 1133; x_wconf 88' lang='lat' dir='ltr'><strong>nullo,</strong></span> <span class='ocrx_word' id='word_1_88' title='bbox 730 1050 787 1137; x_wconf 93' lang='lat' dir='ltr'><strong>qui</strong></span> <span class='ocrx_word' id='word_1_89' title='bbox 818 1071 879 1135; x_wconf 94' lang='lat' dir='ltr'><strong>per</strong></span> <span class='ocrx_word' id='word_1_90' title='bbox 908 1058 1050 1113; x_wconf 85' lang='lat' dir='ltr'><strong>aetatem</strong></span> <span class='ocrx_word' id='word_1_91' title='bbox 1076 1048 1125 1112; x_wconf 91' lang='lat' dir='ltr'><strong>ire</strong></span> <span class='ocrx_word' id='word_1_92' title='bbox 1147 1054 1271 1132; x_wconf 90' lang='lat' dir='ltr'><strong>posset,</strong></span> 
     </span>
    </p>

    <p class='ocr_par' dir='ltr' id='par_1_6' title="bbox 50 1133 1272 1391">
     <span class='ocr_line' id='line_1_12' title="bbox 50 1133 1272 1220; baseline -0.001 -24"><span class='ocrx_word' id='word_1_93' title='bbox 50 1179 56 1196; x_wconf 91' lang='lat'>.</span> <span class='ocrx_word' id='word_1_94' title='bbox 105 1142 348 1198; x_wconf 79' lang='lat' dir='ltr'><strong>sretraetants.</strong></span> <span class='ocrx_word' id='word_1_95' title='bbox 392 1146 636 1220; x_wconf 87' lang='lat' dir='ltr'><strong>prosequuntur</strong></span> <span class='ocrx_word' id='word_1_96' title='bbox 668 1138 820 1219; x_wconf 85' lang='lat' dir='ltr'><strong>coniuges</strong></span> <span class='ocrx_word' id='word_1_97' title='bbox 856 1133 1029 1220; x_wconf 84' lang='lat' dir='ltr'><strong>liberique,</strong></span> <span class='ocrx_word' id='word_1_98' title='bbox 1067 1133 1199 1198; x_wconf 85' lang='lat' dir='ltr'><strong>cuinam</strong></span> <span class='ocrx_word' id='word_1_99' title='bbox 1236 1153 1272 1196; x_wconf 90' lang='lat' dir='ltr'><strong>se</strong></span> 
     </span>
     <span class='ocr_line' id='line_1_13' title="bbox 141 1217 1271 1308; baseline 0.001 -26"><span class='ocrx_word' id='word_1_100' title='bbox 141 1217 365 1304; x_wconf 85' lang='lat' dir='ltr'><strong>relinquerent</strong></span> <span class='ocrx_word' id='word_1_101' title='bbox 385 1221 419 1284; x_wconf 92' lang='lat' dir='ltr'><strong>in</strong></span> <span class='ocrx_word' id='word_1_102' title='bbox 441 1242 481 1284; x_wconf 92' lang='lat' dir='ltr'><strong>ea</strong></span> <span class='ocrx_word' id='word_1_103' title='bbox 502 1220 594 1302; x_wconf 85' lang='lat' dir='ltr'><strong>urbe,</strong></span> <span class='ocrx_word' id='word_1_104' title='bbox 616 1221 649 1285; x_wconf 94' lang='lat' dir='ltr'><strong>in</strong></span> <span class='ocrx_word' id='word_1_105' title='bbox 672 1244 738 1308; x_wconf 89' lang='lat' dir='ltr'><strong>qua</strong></span> <span class='ocrx_word' id='word_1_106' title='bbox 762 1243 825 1286; x_wconf 90' lang='lat' dir='ltr'><strong>nec</strong></span> <span class='ocrx_word' id='word_1_107' title='bbox 856 1221 1015 1305; x_wconf 89' lang='lat' dir='ltr'><strong>pudicitia</strong></span> <span class='ocrx_word' id='word_1_108' title='bbox 1043 1240 1107 1285; x_wconf 88' lang='lat' dir='ltr'><strong>nec</strong></span> <span class='ocrx_word' id='word_1_109' title='bbox 1135 1217 1271 1284; x_wconf 87' lang='lat' dir='ltr'><strong>libertas</strong></span> 
     </span>
     <span class='ocr_line' id='line_1_14' title="bbox 140 1306 835 1391; baseline 0.007 -22"><span class='ocrx_word' id='word_1_110' title='bbox 140 1314 252 1369; x_wconf 89' lang='lat' dir='ltr'><strong>sancta</strong></span> <span class='ocrx_word' id='word_1_111' title='bbox 274 1315 370 1387; x_wconf 90' lang='lat' dir='ltr'><strong>esset,</strong></span> <span class='ocrx_word' id='word_1_112' title='bbox 395 1306 624 1372; x_wconf 89' lang='lat' dir='ltr'><strong>miserabiliter</strong></span> <span class='ocrx_word' id='word_1_113' title='bbox 644 1309 835 1391; x_wconf 84' lang='lat' dir='ltr'><strong>rogitantes.</strong></span> 
     </span>
    </p>

    <p class='ocr_par' dir='ltr' id='par_1_7' title="bbox 103 1388 1271 1653">
     <span class='ocr_line' id='line_1_15' title="bbox 103 1388 1271 1469; baseline 0.003 -18"><span class='ocrx_word' id='word_1_114' title='bbox 103 1404 119 1451; x_wconf 83' lang='lat' dir='ltr'><strong>s</strong></span> <span class='ocrx_word' id='word_1_115' title='bbox 244 1388 327 1456; x_wconf 80' lang='lat' dir='ltr'><strong>(lum</strong></span> <span class='ocrx_word' id='word_1_116' title='bbox 348 1402 443 1456; x_wconf 87' lang='lat' dir='ltr'><strong>vasta</strong></span> <span class='ocrx_word' id='word_1_117' title='bbox 463 1393 587 1457; x_wconf 89' lang='lat' dir='ltr'><strong>Romae</strong></span> <span class='ocrx_word' id='word_1_118' title='bbox 609 1395 716 1457; x_wconf 88' lang='lat' dir='ltr'><strong>omnia</strong></span> <span class='ocrx_word' id='word_1_119' title='bbox 736 1395 865 1457; x_wconf 90' lang='lat' dir='ltr'><strong>insueta</strong></span> <span class='ocrx_word' id='word_1_120' title='bbox 890 1390 1031 1457; x_wconf 92' lang='lat' dir='ltr'><strong>solitudo</strong></span> <span class='ocrx_word' id='word_1_121' title='bbox 1060 1390 1206 1469; x_wconf 86' lang='lat' dir='ltr'><strong>fecisset,</strong></span> <span class='ocrx_word' id='word_1_122' title='bbox 1237 1389 1271 1454; x_wconf 95' lang='lat' dir='ltr'><strong>in</strong></span> 
     </span>
     <span class='ocr_line' id='line_1_16' title="bbox 139 1475 1269 1562; baseline 0.002 -24"><span class='ocrx_word' id='word_1_123' title='bbox 139 1475 211 1541; x_wconf 84' lang='lat' dir='ltr'><strong>foro</strong></span> <span class='ocrx_word' id='word_1_124' title='bbox 233 1487 367 1562; x_wconf 89' lang='lat' dir='ltr'><strong>praeter</strong></span> <span class='ocrx_word' id='word_1_125' title='bbox 388 1500 510 1562; x_wconf 91' lang='lat' dir='ltr'><strong>paucos</strong></span> <span class='ocrx_word' id='word_1_126' title='bbox 533 1480 696 1544; x_wconf 89' lang='lat' dir='ltr'><strong>seniorum</strong></span> <span class='ocrx_word' id='word_1_127' title='bbox 717 1500 813 1544; x_wconf 90' lang='lat' dir='ltr'><strong>nemo</strong></span> <span class='ocrx_word' id='word_1_128' title='bbox 836 1487 932 1557; x_wconf 89' lang='lat' dir='ltr'><strong>esset,</strong></span> <span class='ocrx_word' id='word_1_129' title='bbox 954 1478 1079 1542; x_wconf 85' lang='lat' dir='ltr'><strong>vocatis</strong></span> <span class='ocrx_word' id='word_1_130' title='bbox 1100 1477 1215 1562; x_wconf 88' lang='lat' dir='ltr'><strong>utique</strong></span> <span class='ocrx_word' id='word_1_131' title='bbox 1236 1475 1269 1540; x_wconf 93' lang='lat' dir='ltr'><strong>in</strong></span> 
     </span>
     <span class='ocr_line' id='line_1_17' title="bbox 140 1560 1270 1653; baseline -0.001 -27"><span class='ocrx_word' id='word_1_132' title='bbox 140 1573 288 1627; x_wconf 89' lang='lat' dir='ltr'><strong>senatum</strong></span> <span class='ocrx_word' id='word_1_133' title='bbox 310 1562 460 1650; x_wconf 89' lang='lat' dir='ltr'><strong>patribus</strong></span> <span class='ocrx_word' id='word_1_134' title='bbox 484 1566 649 1630; x_wconf 91' lang='lat' dir='ltr'><strong>desertum</strong></span> <span class='ocrx_word' id='word_1_135' title='bbox 677 1566 883 1653; x_wconf 87' lang='lat' dir='ltr'><strong>apparuisset</strong></span> <span class='ocrx_word' id='word_1_136' title='bbox 911 1562 1028 1644; x_wconf 84' lang='lat' dir='ltr'><strong>forum,</strong></span> <span class='ocrx_word' id='word_1_137' title='bbox 1059 1560 1171 1646; x_wconf 91' lang='lat' dir='ltr'><strong>plures</strong></span> <span class='ocrx_word' id='word_1_138' title='bbox 1204 1562 1270 1625; x_wconf 90' lang='lat' dir='ltr'><strong>iam</strong></span> 
     </span>
    </p>

    <p class='ocr_par' dir='ltr' id='par_1_8' title="bbox 103 1647 1269 1993">
     <span class='ocr_line' id='line_1_18' title="bbox 103 1647 1269 1736; baseline 0.003 -26"><span class='ocrx_word' id='word_1_139' title='bbox 103 1663 238 1734; x_wconf 79' lang='lat' dir='ltr'><strong>squam</strong></span> <span class='ocrx_word' id='word_1_140' title='bbox 271 1649 427 1714; x_wconf 90' lang='lat' dir='ltr'><strong>Horatius</strong></span> <span class='ocrx_word' id='word_1_141' title='bbox 454 1672 493 1715; x_wconf 85' lang='lat' dir='ltr'><strong>ao</strong></span> <span class='ocrx_word' id='word_1_142' title='bbox 523 1650 676 1716; x_wconf 90' lang='lat' dir='ltr'><strong>Valerius</strong></span> <span class='ocrx_word' id='word_1_143' title='bbox 706 1648 984 1715; x_wconf 86' lang='lat' dir='ltr'><strong>vociferabantur:</strong></span> <span class='ocrx_word' id='word_1_144' title='bbox 1017 1647 1116 1736; x_wconf 89' lang='lat' dir='ltr'><strong>„quid</strong></span> <span class='ocrx_word' id='word_1_145' title='bbox 1150 1669 1269 1734; x_wconf 84' lang='lat' dir='ltr'><strong>expse-</strong></span> 
     </span>
     <span class='ocr_line' id='line_1_19' title="bbox 139 1732 1269 1823; baseline 0.001 -26"><span class='ocrx_word' id='word_1_146' title='bbox 139 1732 259 1816; x_wconf 84' lang='lat' dir='ltr'><strong>tabitis,</strong></span> <span class='ocrx_word' id='word_1_147' title='bbox 291 1746 402 1820; x_wconf 87' lang='lat' dir='ltr'><strong>patres</strong></span> <span class='ocrx_word' id='word_1_148' title='bbox 434 1736 629 1823; x_wconf 82' lang='lat' dir='ltr'><strong>conscripti?</strong></span> <span class='ocrx_word' id='word_1_149' title='bbox 670 1739 697 1800; x_wconf 90' lang='lat' dir='ltr'><strong>si</strong></span> <span class='ocrx_word' id='word_1_150' title='bbox 734 1737 911 1802; x_wconf 86' lang='lat' dir='ltr'><strong>decemviri</strong></span> <span class='ocrx_word' id='word_1_151' title='bbox 941 1735 1040 1799; x_wconf 91' lang='lat' dir='ltr'><strong>finem</strong></span> <span class='ocrx_word' id='word_1_152' title='bbox 1070 1734 1269 1818; x_wconf 87' lang='lat' dir='ltr'><strong>pertinaciae</strong></span> 
     </span>
     <span class='ocr_line' id='line_1_20' title="bbox 138 1819 1268 1909; baseline 0.002 -27"><span class='ocrx_word' id='word_1_153' title='bbox 138 1842 202 1885; x_wconf 94' lang='lat' dir='ltr'><strong>non</strong></span> <span class='ocrx_word' id='word_1_154' title='bbox 224 1820 355 1904; x_wconf 90' lang='lat' dir='ltr'><strong>faciunt,</strong></span> <span class='ocrx_word' id='word_1_155' title='bbox 378 1844 473 1887; x_wconf 89' lang='lat' dir='ltr'><strong>ruere</strong></span> <span class='ocrx_word' id='word_1_156' title='bbox 495 1846 533 1887; x_wconf 88' lang='lat' dir='ltr'><strong>ac</strong></span> <span class='ocrx_word' id='word_1_157' title='bbox 557 1822 739 1909; x_wconf 79' lang='lat' dir='ltr'><strong>deflagrare</strong></span> <span class='ocrx_word' id='word_1_158' title='bbox 762 1822 870 1886; x_wconf 89' lang='lat' dir='ltr'><strong>omnia</strong></span> <span class='ocrx_word' id='word_1_159' title='bbox 892 1821 1020 1907; x_wconf 89' lang='lat' dir='ltr'><strong>passuri</strong></span> <span class='ocrx_word' id='word_1_160' title='bbox 1042 1819 1143 1885; x_wconf 82' lang='lat' dir='ltr'><strong>estis?</strong></span> <span class='ocrx_word' id='word_1_161' title='bbox 1180 1820 1268 1906; x_wconf 93' lang='lat' dir='ltr'><strong>quod</strong></span> 
     </span>
     <span class='ocr_line' id='line_1_21' title="bbox 139 1904 1269 1993; baseline -0.002 -23"><span class='ocrx_word' id='word_1_162' title='bbox 139 1916 248 1971; x_wconf 90' lang='lat' dir='ltr'><strong>autem</strong></span> <span class='ocrx_word' id='word_1_163' title='bbox 269 1908 357 1971; x_wconf 91' lang='lat' dir='ltr'><strong>istud</strong></span> <span class='ocrx_word' id='word_1_164' title='bbox 379 1909 552 1993; x_wconf 92' lang='lat' dir='ltr'><strong>imperium</strong></span> <span class='ocrx_word' id='word_1_165' title='bbox 576 1920 636 1986; x_wconf 88' lang='lat' dir='ltr'><strong>est,</strong></span> <span class='ocrx_word' id='word_1_166' title='bbox 660 1909 847 1990; x_wconf 86' lang='lat' dir='ltr'><strong>decemviri,</strong></span> <span class='ocrx_word' id='word_1_167' title='bbox 864 1907 954 1992; x_wconf 89' lang='lat' dir='ltr'><strong>quod</strong></span> <span class='ocrx_word' id='word_1_168' title='bbox 969 1906 1113 1992; x_wconf 87' lang='lat' dir='ltr'><strong>amplexi</strong></span> <span class='ocrx_word' id='word_1_169' title='bbox 1128 1904 1269 1971; x_wconf 84' lang='lat' dir='ltr'><strong>tenetis?</strong></span> 
     </span>
    </p>

    <p class='ocr_par' dir='ltr' id='par_1_9' title="bbox 103 1989 1268 2340">
     <span class='ocr_line' id='line_1_22' title="bbox 103 1989 1267 2078; baseline -0.003 -21"><span class='ocrx_word' id='word_1_170' title='bbox 103 2010 118 2057; x_wconf 80' lang='lat' dir='ltr'><strong>r</strong></span> <span class='ocrx_word' id='word_1_171' title='bbox 139 1993 234 2056; x_wconf 91' lang='lat' dir='ltr'><strong>tectis</strong></span> <span class='ocrx_word' id='word_1_172' title='bbox 257 2015 296 2056; x_wconf 89' lang='lat' dir='ltr'><strong>ac</strong></span> <span class='ocrx_word' id='word_1_173' title='bbox 319 1993 498 2077; x_wconf 87' lang='lat' dir='ltr'><strong>parietibus</strong></span> <span class='ocrx_word' id='word_1_174' title='bbox 519 1997 593 2059; x_wconf 90' lang='lat' dir='ltr'><strong>iura</strong></span> <span class='ocrx_word' id='word_1_175' title='bbox 615 1997 733 2061; x_wconf 87' lang='lat' dir='ltr'><strong>dicturi</strong></span> <span class='ocrx_word' id='word_1_176' title='bbox 755 1994 856 2060; x_wconf 82' lang='lat' dir='ltr'><strong>estis?</strong></span> <span class='ocrx_word' id='word_1_177' title='bbox 893 2015 958 2057; x_wconf 95' lang='lat' dir='ltr'><strong>non</strong></span> <span class='ocrx_word' id='word_1_178' title='bbox 983 1993 1088 2078; x_wconf 91' lang='lat' dir='ltr'><strong>pudet</strong></span> <span class='ocrx_word' id='word_1_179' title='bbox 1115 1989 1267 2057; x_wconf 90' lang='lat' dir='ltr'><strong>lictorum</strong></span> 
     </span>
     <span class='ocr_line' id='line_1_23' title="bbox 138 2079 1268 2168; baseline -0.002 -25"><span class='ocrx_word' id='word_1_180' title='bbox 138 2087 324 2143; x_wconf 87' lang='lat' dir='ltr'><strong>vestrorum</strong></span> <span class='ocrx_word' id='word_1_181' title='bbox 347 2081 503 2144; x_wconf 88' lang='lat' dir='ltr'><strong>maiorem</strong></span> <span class='ocrx_word' id='word_1_182' title='bbox 525 2103 630 2168; x_wconf 88' lang='lat' dir='ltr'><strong>prope</strong></span> <span class='ocrx_word' id='word_1_183' title='bbox 660 2089 832 2146; x_wconf 91' lang='lat' dir='ltr'><strong>numerum</strong></span> <span class='ocrx_word' id='word_1_184' title='bbox 853 2081 886 2143; x_wconf 96' lang='lat' dir='ltr'><strong>in</strong></span> <span class='ocrx_word' id='word_1_185' title='bbox 906 2079 977 2143; x_wconf 91' lang='lat' dir='ltr'><strong>foro</strong></span> <span class='ocrx_word' id='word_1_186' title='bbox 1001 2079 1147 2164; x_wconf 89' lang='lat' dir='ltr'><strong>conspici</strong></span> <span class='ocrx_word' id='word_1_187' title='bbox 1170 2099 1268 2164; x_wconf 90' lang='lat' dir='ltr'><strong>quam</strong></span> 
     </span>
     <span class='ocr_line' id='line_1_24' title="bbox 137 2164 1267 2254; baseline 0.003 -27"><span class='ocrx_word' id='word_1_188' title='bbox 137 2174 323 2248; x_wconf 87' lang='lat' dir='ltr'><strong>togatorum</strong></span> <span class='ocrx_word' id='word_1_189' title='bbox 354 2164 513 2230; x_wconf 83' lang='lat' dir='ltr'><strong>aliorum?</strong></span> <span class='ocrx_word' id='word_1_190' title='bbox 558 2168 647 2254; x_wconf 92' lang='lat' dir='ltr'><strong>quid,</strong></span> <span class='ocrx_word' id='word_1_191' title='bbox 685 2169 713 2232; x_wconf 92' lang='lat' dir='ltr'><strong>si</strong></span> <span class='ocrx_word' id='word_1_192' title='bbox 743 2167 855 2232; x_wconf 88' lang='lat' dir='ltr'><strong>hostes</strong></span> <span class='ocrx_word' id='word_1_193' title='bbox 892 2165 935 2229; x_wconf 89' lang='lat' dir='ltr'><strong>ad</strong></span> <span class='ocrx_word' id='word_1_194' title='bbox 970 2165 1088 2230; x_wconf 89' lang='lat' dir='ltr'><strong>urbem</strong></span> <span class='ocrx_word' id='word_1_195' title='bbox 1124 2165 1267 2249; x_wconf 82' lang='lat' dir='ltr'><strong>veniant,</strong></span> 
     </span>
     <span class='ocr_line' id='line_1_25' title="bbox 137 2249 1266 2340; baseline 0.002 -28"><span class='ocrx_word' id='word_1_196' title='bbox 137 2249 255 2313; x_wconf 83' lang='lat' dir='ltr'><strong>facturi</strong></span> <span class='ocrx_word' id='word_1_197' title='bbox 286 2250 387 2315; x_wconf 82' lang='lat' dir='ltr'><strong>eatis?</strong></span> <span class='ocrx_word' id='word_1_198' title='bbox 431 2252 522 2337; x_wconf 87' lang='lat' dir='ltr'><strong>quid,</strong></span> <span class='ocrx_word' id='word_1_199' title='bbox 554 2257 580 2317; x_wconf 87' lang='lat' dir='ltr'><strong>si</strong></span> <span class='ocrx_word' id='word_1_200' title='bbox 612 2253 706 2340; x_wconf 91' lang='lat' dir='ltr'><strong>plebs</strong></span> <span class='ocrx_word' id='word_1_201' title='bbox 738 2276 824 2336; x_wconf 87' lang='lat' dir='ltr'><strong>mox,</strong></span> <span class='ocrx_word' id='word_1_202' title='bbox 856 2251 914 2316; x_wconf 91' lang='lat' dir='ltr'><strong>ubi</strong></span> <span class='ocrx_word' id='word_1_203' title='bbox 944 2273 1061 2336; x_wconf 88' lang='lat' dir='ltr'><strong>parum</strong></span> <span class='ocrx_word' id='word_1_204' title='bbox 1082 2251 1266 2317; x_wconf 82' lang='lat' dir='ltr'><strong>secessione</strong></span> 
     </span>
    </p>

    <p class='ocr_par' dir='ltr' id='par_1_10' title="bbox 103 2335 1266 2594">
     <span class='ocr_line' id='line_1_26' title="bbox 103 2335 1266 2420; baseline 0.003 -22"><span class='ocrx_word' id='word_1_205' title='bbox 103 2349 337 2420; x_wconf 78' lang='lat' dir='ltr'><strong>amoveamur,</strong></span> <span class='ocrx_word' id='word_1_206' title='bbox 360 2347 486 2401; x_wconf 88' lang='lat' dir='ltr'><strong>armata</strong></span> <span class='ocrx_word' id='word_1_207' title='bbox 506 2338 638 2404; x_wconf 80' lang='lat' dir='ltr'><strong>veniat?</strong></span> <span class='ocrx_word' id='word_1_208' title='bbox 674 2360 833 2405; x_wconf 88' lang='lat' dir='ltr'><strong>occasune</strong></span> <span class='ocrx_word' id='word_1_209' title='bbox 859 2337 949 2402; x_wconf 90' lang='lat' dir='ltr'><strong>urbis</strong></span> <span class='ocrx_word' id='word_1_210' title='bbox 971 2335 1070 2402; x_wconf 86' lang='lat' dir='ltr'><strong>vultis</strong></span> <span class='ocrx_word' id='word_1_211' title='bbox 1092 2335 1188 2400; x_wconf 91' lang='lat' dir='ltr'><strong>finire</strong></span> <span class='ocrx_word' id='word_1_212' title='bbox 1210 2339 1266 2401; x_wconf 92' lang='lat' dir='ltr'><strong>im·</strong></span> 
     </span>
     <span class='ocr_line' id='line_1_27' title="bbox 137 2419 1266 2513; baseline 0.002 -29"><span class='ocrx_word' id='word_1_213' title='bbox 137 2419 288 2509; x_wconf 82' lang='lat' dir='ltr'><strong>perium?</strong></span> <span class='ocrx_word' id='word_1_214' title='bbox 331 2425 422 2509; x_wconf 90' lang='lat' dir='ltr'><strong>atqui</strong></span> <span class='ocrx_word' id='word_1_215' title='bbox 455 2434 512 2489; x_wconf 89' lang='lat' dir='ltr'><strong>aut</strong></span> <span class='ocrx_word' id='word_1_216' title='bbox 542 2425 637 2513; x_wconf 93' lang='lat' dir='ltr'><strong>plebs</strong></span> <span class='ocrx_word' id='word_1_217' title='bbox 669 2449 736 2491; x_wconf 92' lang='lat' dir='ltr'><strong>non</strong></span> <span class='ocrx_word' id='word_1_218' title='bbox 767 2434 817 2490; x_wconf 90' lang='lat' dir='ltr'><strong>est</strong></span> <span class='ocrx_word' id='word_1_219' title='bbox 848 2422 1009 2506; x_wconf 87' lang='lat' dir='ltr'><strong>habenda,</strong></span> <span class='ocrx_word' id='word_1_220' title='bbox 1044 2433 1102 2488; x_wconf 89' lang='lat' dir='ltr'><strong>aut</strong></span> <span class='ocrx_word' id='word_1_221' title='bbox 1123 2421 1266 2487; x_wconf 89' lang='lat' dir='ltr'><strong>habendi</strong></span> 
     </span>
     <span class='ocr_line' id='line_1_28' title="bbox 137 2507 1266 2594; baseline 0.002 -24"><span class='ocrx_word' id='word_1_222' title='bbox 137 2518 213 2572; x_wconf 90' lang='lat' dir='ltr'><strong>sunt</strong></span> <span class='ocrx_word' id='word_1_223' title='bbox 233 2507 356 2572; x_wconf 92' lang='lat' dir='ltr'><strong>tribuni</strong></span> <span class='ocrx_word' id='word_1_224' title='bbox 401 2508 494 2574; x_wconf 89' lang='lat' dir='ltr'><strong>lebis.</strong></span> <span class='ocrx_word' id='word_1_225' title='bbox 517 2533 577 2576; x_wconf 91' lang='lat' dir='ltr'><strong>nos</strong></span> <span class='ocrx_word' id='word_1_226' title='bbox 600 2512 693 2576; x_wconf 88' lang='lat' dir='ltr'><strong>citius</strong></span> <span class='ocrx_word' id='word_1_227' title='bbox 716 2511 917 2576; x_wconf 87' lang='lat' dir='ltr'><strong>caruerimus</strong></span> <span class='ocrx_word' id='word_1_228' title='bbox 938 2509 1082 2594; x_wconf 88' lang='lat' dir='ltr'><strong>patriciis</strong></span> <span class='ocrx_word' id='word_1_229' title='bbox 1097 2510 1266 2594; x_wconf 82' lang='lat' dir='ltr'><strong>magistra·</strong></span> 
     </span>
    </p>

    <p class='ocr_par' dir='ltr' id='par_1_11' title="bbox 27 2533 1264 2856">
     <span class='ocr_line' id='line_1_29' title="bbox 27 2533 1264 2683; baseline -0.001 -25"><span class='ocrx_word' id='word_1_230' title='bbox 27 2639 29 2643; x_wconf 80' lang='lat'><em>.</em></span> <span class='ocrx_word' id='word_1_231' title='bbox 103 2611 119 2658; x_wconf 85' lang='lat'>9</span> <span class='ocrx_word' id='word_1_232' title='bbox 138 2593 225 2658; x_wconf 93' lang='lat' dir='ltr'><strong>tibus</strong></span> <span class='ocrx_word' id='word_1_233' title='bbox 241 2616 339 2678; x_wconf 91' lang='lat' dir='ltr'><strong>quam</strong></span> <span class='ocrx_word' id='word_1_234' title='bbox 354 2533 401 2659; x_wconf 90' lang='lat' dir='ltr'><strong>illi</strong></span> <span class='ocrx_word' id='word_1_235' title='bbox 415 2594 552 2679; x_wconf 91' lang='lat' dir='ltr'><strong>plebeis.</strong></span> <span class='ocrx_word' id='word_1_236' title='bbox 568 2619 686 2663; x_wconf 79' lang='lat' dir='ltr'><strong>novam</strong></span> <span class='ocrx_word' id='word_1_237' title='bbox 700 2599 969 2683; x_wconf 87' lang='lat' dir='ltr'><strong>inexpertamque</strong></span> <span class='ocrx_word' id='word_1_238' title='bbox 984 2618 1055 2660; x_wconf 91' lang='lat' dir='ltr'><strong>eam</strong></span> <span class='ocrx_word' id='word_1_239' title='bbox 1069 2603 1264 2682; x_wconf 90' lang='lat' dir='ltr'><strong>potestatem</strong></span> 
     </span>
     <span class='ocr_line' id='line_1_30' title="bbox 138 2679 1264 2766; baseline 0.002 -24"><span class='ocrx_word' id='word_1_240' title='bbox 138 2679 288 2762; x_wconf 89' lang='lat' dir='ltr'><strong>eripuere</strong></span> <span class='ocrx_word' id='word_1_241' title='bbox 321 2679 468 2765; x_wconf 91' lang='lat' dir='ltr'><strong>patribus</strong></span> <span class='ocrx_word' id='word_1_242' title='bbox 498 2685 627 2766; x_wconf 87' lang='lat' dir='ltr'><strong>nostris,</strong></span> <span class='ocrx_word' id='word_1_243' title='bbox 659 2706 700 2746; x_wconf 89' lang='lat' dir='ltr'><strong>ne</strong></span> <span class='ocrx_word' id='word_1_244' title='bbox 731 2705 817 2747; x_wconf 92' lang='lat' dir='ltr'><strong>nunc</strong></span> <span class='ocrx_word' id='word_1_245' title='bbox 848 2682 1019 2746; x_wconf 91' lang='lat' dir='ltr'><strong>dulcedine</strong></span> <span class='ocrx_word' id='word_1_246' title='bbox 1050 2679 1153 2747; x_wconf 89' lang='lat' dir='ltr'><strong>semel</strong></span> <span class='ocrx_word' id='word_1_247' title='bbox 1180 2679 1264 2766; x_wconf 89' lang='lat' dir='ltr'><strong>capti</strong></span> 
     </span>
     <span class='ocr_line' id='line_1_31' title="bbox 136 2764 1263 2856; baseline 0.003 -29"><span class='ocrx_word' id='word_1_248' title='bbox 136 2764 243 2829; x_wconf 83' lang='lat' dir='ltr'><strong>ferant</strong></span> <span class='ocrx_word' id='word_1_249' title='bbox 265 2765 473 2850; x_wconf 86' lang='lat' dir='ltr'><strong>desiderium,</strong></span> <span class='ocrx_word' id='word_1_250' title='bbox 497 2790 571 2832; x_wconf 89' lang='lat' dir='ltr'><strong>curn</strong></span> <span class='ocrx_word' id='word_1_251' title='bbox 593 2771 786 2856; x_wconf 88' lang='lat' dir='ltr'><strong>praesertim</strong></span> <span class='ocrx_word' id='word_1_252' title='bbox 806 2791 869 2834; x_wconf 89' lang='lat' dir='ltr'><strong>nec</strong></span> <span class='ocrx_word' id='word_1_253' title='bbox 888 2790 948 2833; x_wconf 91' lang='lat' dir='ltr'><strong>nos</strong></span> <span class='ocrx_word' id='word_1_254' title='bbox 963 2778 1184 2854; x_wconf 90' lang='lat' dir='ltr'><strong>temperemus</strong></span> <span class='ocrx_word' id='word_1_255' title='bbox 1206 2767 1263 2829; x_wconf 93' lang='lat' dir='ltr'><strong>im·</strong></span> 
     </span>
    </p>

    <p class='ocr_par' dir='ltr' id='par_1_12' title="bbox 87 2850 1264 3022">
     <span class='ocr_line' id='line_1_32' title="bbox 87 2850 1264 2941; baseline -0.001 -26"><span class='ocrx_word' id='word_1_256' title='bbox 87 2873 120 2921; x_wconf 89' lang='lat'><strong>10</strong></span> <span class='ocrx_word' id='word_1_257' title='bbox 136 2850 246 2936; x_wconf 82' lang='lat' dir='ltr'><strong>perlis,</strong></span> <span class='ocrx_word' id='word_1_258' title='bbox 280 2854 452 2938; x_wconf 90' lang='lat' dir='ltr'><strong>quominus</strong></span> <span class='ocrx_word' id='word_1_259' title='bbox 483 2853 530 2918; x_wconf 92' lang='lat' dir='ltr'><strong>illi</strong></span> <span class='ocrx_word' id='word_1_260' title='bbox 553 2854 665 2919; x_wconf 85' lang='lat' dir='ltr'><strong>auxilii</strong></span> <span class='ocrx_word' id='word_1_261' title='bbox 697 2855 844 2941; x_wconf 82' lang='lat' dir='ltr'><strong>egeant.“</strong></span> <span class='ocrx_word' id='word_1_262' title='bbox 883 2876 957 2919; x_wconf 92' lang='lat' dir='ltr'><strong>cum</strong></span> <span class='ocrx_word' id='word_1_263' title='bbox 987 2853 1070 2918; x_wconf 89' lang='lat' dir='ltr'><strong>haec</strong></span> <span class='ocrx_word' id='word_1_264' title='bbox 1102 2875 1146 2918; x_wconf 88' lang='lat' dir='ltr'><strong>ex</strong></span> <span class='ocrx_word' id='word_1_265' title='bbox 1179 2852 1264 2918; x_wconf 93' lang='lat' dir='ltr'><strong>omni</strong></span> 
     </span>
     <span class='ocr_line' id='line_1_33' title="bbox 135 2937 1263 3022; baseline 0.004 -22"><span class='ocrx_word' id='word_1_266' title='bbox 135 2945 230 3022; x_wconf 90' lang='lat' dir='ltr'><strong>parte</strong></span> <span class='ocrx_word' id='word_1_267' title='bbox 265 2937 474 3021; x_wconf 88' lang='lat' dir='ltr'><strong>iactarentur,</strong></span> <span class='ocrx_word' id='word_1_268' title='bbox 515 2941 595 3005; x_wconf 89' lang='lat' dir='ltr'><strong>victi</strong></span> <span class='ocrx_word' id='word_1_269' title='bbox 631 2963 791 3006; x_wconf 91' lang='lat' dir='ltr'><strong>consensu</strong></span> <span class='ocrx_word' id='word_1_270' title='bbox 835 2940 1012 3005; x_wconf 87' lang='lat' dir='ltr'><strong>decemviri</strong></span> <span class='ocrx_word' id='word_1_271' title='bbox 1054 2938 1182 3004; x_wconf 88' lang='lat' dir='ltr'><strong>futuros</strong></span> <span class='ocrx_word' id='word_1_272' title='bbox 1220 2961 1263 3017; x_wconf 87' lang='lat' dir='ltr'><strong>se,</strong></span> 
     </span>
    </p>

    <p class='ocr_par' dir='ltr' id='par_1_13' title="bbox 86 3022 1264 3285">
     <span class='ocr_line' id='line_1_34' title="bbox 86 3022 1264 3113; baseline -0.003 -23"><span class='ocrx_word' id='word_1_273' title='bbox 86 3042 117 3090; x_wconf 92' lang='lat'><strong>11</strong></span> <span class='ocrx_word' id='word_1_274' title='bbox 137 3022 268 3110; x_wconf 89' lang='lat' dir='ltr'><strong>quando</strong></span> <span class='ocrx_word' id='word_1_275' title='bbox 299 3025 346 3087; x_wconf 89' lang='lat' dir='ltr'><strong>ita</strong></span> <span class='ocrx_word' id='word_1_276' title='bbox 375 3025 536 3108; x_wconf 85' lang='lat' dir='ltr'><strong>videatur,</strong></span> <span class='ocrx_word' id='word_1_277' title='bbox 573 3027 607 3090; x_wconf 93' lang='lat' dir='ltr'><strong>in</strong></span> <span class='ocrx_word' id='word_1_278' title='bbox 642 3036 804 3111; x_wconf 88' lang='lat' dir='ltr'><strong>potestate</strong></span> <span class='ocrx_word' id='word_1_279' title='bbox 840 3031 971 3113; x_wconf 90' lang='lat' dir='ltr'><strong>patrum</strong></span> <span class='ocrx_word' id='word_1_280' title='bbox 1009 3025 1194 3090; x_wconf 88' lang='lat' dir='ltr'><strong>adfirmant.</strong></span> <span class='ocrx_word' id='word_1_281' title='bbox 1231 3023 1264 3089; x_wconf 88' lang='lat' dir='ltr'><strong>id</strong></span> 
     </span>
     <span class='ocr_line' id='line_1_35' title="bbox 135 3108 1263 3200; baseline 0.004 -28"><span class='ocrx_word' id='word_1_282' title='bbox 135 3109 234 3173; x_wconf 93' lang='lat' dir='ltr'><strong>modo</strong></span> <span class='ocrx_word' id='word_1_283' title='bbox 258 3108 354 3173; x_wconf 91' lang='lat' dir='ltr'><strong>simul</strong></span> <span class='ocrx_word' id='word_1_284' title='bbox 377 3121 472 3175; x_wconf 90' lang='lat' dir='ltr'><strong>orant</strong></span> <span class='ocrx_word' id='word_1_285' title='bbox 493 3134 532 3176; x_wconf 87' lang='lat' dir='ltr'><strong>ac</strong></span> <span class='ocrx_word' id='word_1_286' title='bbox 559 3122 701 3194; x_wconf 89' lang='lat' dir='ltr'><strong>monent,</strong></span> <span class='ocrx_word' id='word_1_287' title='bbox 732 3122 769 3178; x_wconf 90' lang='lat' dir='ltr'><strong>ut</strong></span> <span class='ocrx_word' id='word_1_288' title='bbox 790 3115 869 3200; x_wconf 88' lang='lat' dir='ltr'><strong>ipsis</strong></span> <span class='ocrx_word' id='word_1_289' title='bbox 891 3112 933 3177; x_wconf 90' lang='lat' dir='ltr'><strong>ab</strong></span> <span class='ocrx_word' id='word_1_290' title='bbox 955 3112 1078 3175; x_wconf 92' lang='lat' dir='ltr'><strong>invidia</strong></span> <span class='ocrx_word' id='word_1_291' title='bbox 1100 3120 1263 3191; x_wconf 87' lang='lat' dir='ltr'><strong>caveatur,</strong></span> 
     </span>
     <span class='ocr_line' id='line_1_36' title="bbox 133 3197 1261 3285; baseline 0 -27"><span class='ocrx_word' id='word_1_292' title='bbox 133 3216 196 3260; x_wconf 92' lang='lat' dir='ltr'><strong>nec</strong></span> <span class='ocrx_word' id='word_1_293' title='bbox 218 3216 277 3259; x_wconf 90' lang='lat' dir='ltr'><strong>suo</strong></span> <span class='ocrx_word' id='word_1_294' title='bbox 301 3197 457 3279; x_wconf 86' lang='lat' dir='ltr'><strong>sanguine</strong></span> <span class='ocrx_word' id='word_1_295' title='bbox 480 3198 523 3261; x_wconf 89' lang='lat' dir='ltr'><strong>ad</strong></span> <span class='ocrx_word' id='word_1_296' title='bbox 546 3197 705 3285; x_wconf 89' lang='lat' dir='ltr'><strong>supplicia</strong></span> <span class='ocrx_word' id='word_1_297' title='bbox 727 3208 856 3283; x_wconf 88' lang='lat' dir='ltr'><strong>patrum</strong></span> <span class='ocrx_word' id='word_1_298' title='bbox 876 3197 1008 3285; x_wconf 88' lang='lat' dir='ltr'><strong>plebem</strong></span> <span class='ocrx_word' id='word_1_299' title='bbox 1031 3197 1261 3262; x_wconf 84' lang='lat' dir='ltr'><strong>adsuefaciant.</strong></span> 
     </span>
    </p>

    <p class='ocr_par' dir='ltr' id='par_1_14' title="bbox 99 3280 1262 3543">
     <span class='ocr_line' id='line_1_37' title="bbox 99 3280 1261 3370; baseline 0.003 -27"><span class='ocrx_word' id='word_1_300' title='bbox 99 3303 114 3351; x_wconf 92' lang='lat'>1</span> <span class='ocrx_word' id='word_1_301' title='bbox 237 3280 328 3346; x_wconf 93' lang='lat' dir='ltr'><strong>LIII.</strong></span> <span class='ocrx_word' id='word_1_302' title='bbox 351 3282 436 3346; x_wconf 87' lang='lat' dir='ltr'><strong>Tum</strong></span> <span class='ocrx_word' id='word_1_303' title='bbox 451 3282 602 3348; x_wconf 90' lang='lat' dir='ltr'><strong>Valerius</strong></span> <span class='ocrx_word' id='word_1_304' title='bbox 622 3284 843 3370; x_wconf 88' lang='lat' dir='ltr'><strong>Horatiusque</strong></span> <span class='ocrx_word' id='word_1_305' title='bbox 866 3285 956 3348; x_wconf 89' lang='lat' dir='ltr'><strong>missi</strong></span> <span class='ocrx_word' id='word_1_306' title='bbox 978 3282 1019 3346; x_wconf 91' lang='lat' dir='ltr'><strong>ad</strong></span> <span class='ocrx_word' id='word_1_307' title='bbox 1043 3282 1174 3369; x_wconf 90' lang='lat' dir='ltr'><strong>plebem</strong></span> <span class='ocrx_word' id='word_1_308' title='bbox 1190 3304 1261 3349; x_wconf 91' lang='lat' dir='ltr'><strong>con·</strong></span> 
     </span>
     <span class='ocr_line' id='line_1_38' title="bbox 135 3366 1262 3456; baseline 0.002 -27"><span class='ocrx_word' id='word_1_309' title='bbox 135 3366 315 3431; x_wconf 89' lang='lat' dir='ltr'><strong>dicionibus</strong></span> <span class='ocrx_word' id='word_1_310' title='bbox 347 3367 464 3454; x_wconf 92' lang='lat' dir='ltr'><strong>quibus</strong></span> <span class='ocrx_word' id='word_1_311' title='bbox 496 3371 663 3435; x_wconf 86' lang='lat' dir='ltr'><strong>videretur</strong></span> <span class='ocrx_word' id='word_1_312' title='bbox 699 3370 918 3436; x_wconf 86' lang='lat' dir='ltr'><strong>revocandam</strong></span> <span class='ocrx_word' id='word_1_313' title='bbox 956 3369 1262 3456; x_wconf 88' lang='lat' dir='ltr'><strong>componendasque</strong></span> 
     </span>
     <span class='ocr_line' id='line_1_39' title="bbox 133 3451 1261 3543; baseline 0.002 -27"><span class='ocrx_word' id='word_1_314' title='bbox 133 3475 187 3516; x_wconf 90' lang='lat' dir='ltr'><strong>res</strong></span> <span class='ocrx_word' id='word_1_315' title='bbox 210 3451 406 3519; x_wconf 88' lang='lat' dir='ltr'><strong>decemviris</strong></span> <span class='ocrx_word' id='word_1_316' title='bbox 430 3476 561 3543; x_wconf 93' lang='lat' dir='ltr'><strong>quoque</strong></span> <span class='ocrx_word' id='word_1_317' title='bbox 583 3455 626 3521; x_wconf 90' lang='lat' dir='ltr'><strong>ab</strong></span> <span class='ocrx_word' id='word_1_318' title='bbox 648 3457 697 3520; x_wconf 91' lang='lat' dir='ltr'><strong>ira</strong></span> <span class='ocrx_word' id='word_1_319' title='bbox 728 3466 762 3522; x_wconf 90' lang='lat' dir='ltr'><strong>et</strong></span> <span class='ocrx_word' id='word_1_320' title='bbox 787 3458 911 3543; x_wconf 84' lang='lat' dir='ltr'><strong>impetu</strong></span> <span class='ocrx_word' id='word_1_321' title='bbox 932 3455 1149 3520; x_wconf 88' lang='lat' dir='ltr'><strong>multitudinis</strong></span> <span class='ocrx_word' id='word_1_322' title='bbox 1169 3475 1261 3543; x_wconf 89' lang='lat' dir='ltr'><strong>prae-</strong></span> 
     </span>
    </p>

    <p class='ocr_par' dir='ltr' id='par_1_15' title="bbox 99 3539 1262 3714">
     <span class='ocr_line' id='line_1_40' title="bbox 99 3539 1262 3629; baseline -0.003 -23"><span class='ocrx_word' id='word_1_323' title='bbox 99 3558 249 3606; x_wconf 79' lang='lat' dir='ltr'><strong>acavere</strong></span> <span class='ocrx_word' id='word_1_324' title='bbox 282 3539 446 3605; x_wconf 89' lang='lat' dir='ltr'><strong>iubentur.</strong></span> <span class='ocrx_word' id='word_1_325' title='bbox 482 3542 618 3628; x_wconf 87' lang='lat' dir='ltr'><strong>profecti</strong></span> <span class='ocrx_word' id='word_1_326' title='bbox 649 3544 768 3626; x_wconf 81' lang='lat' dir='ltr'><strong>gaudio</strong></span> <span class='ocrx_word' id='word_1_327' title='bbox 801 3542 925 3626; x_wconf 84' lang='lat' dir='ltr'><strong>ingenti</strong></span> <span class='ocrx_word' id='word_1_328' title='bbox 954 3540 1060 3629; x_wconf 88' lang='lat' dir='ltr'><strong>plebis</strong></span> <span class='ocrx_word' id='word_1_329' title='bbox 1090 3541 1122 3605; x_wconf 94' lang='lat' dir='ltr'><strong>in</strong></span> <span class='ocrx_word' id='word_1_330' title='bbox 1158 3551 1262 3606; x_wconf 88' lang='lat' dir='ltr'><strong>castra</strong></span> 
     </span>
     <span class='ocr_line' id='line_1_41' title="bbox 133 3626 1261 3714; baseline 0.002 -26"><span class='ocrx_word' id='word_1_331' title='bbox 133 3626 346 3710; x_wconf 89' lang='lat' dir='ltr'><strong>accipiuntur,</strong></span> <span class='ocrx_word' id='word_1_332' title='bbox 381 3626 502 3714; x_wconf 90' lang='lat' dir='ltr'><strong>quippe</strong></span> <span class='ocrx_word' id='word_1_333' title='bbox 531 3627 724 3694; x_wconf 91' lang='lat' dir='ltr'><strong>liberatores</strong></span> <span class='ocrx_word' id='word_1_334' title='bbox 756 3629 846 3693; x_wconf 90' lang='lat' dir='ltr'><strong>baud</strong></span> <span class='ocrx_word' id='word_1_335' title='bbox 869 3629 966 3692; x_wconf 81' lang='lat' dir='ltr'><strong>dubie</strong></span> <span class='ocrx_word' id='word_1_336' title='bbox 989 3636 1022 3693; x_wconf 90' lang='lat' dir='ltr'><strong>et</strong></span> <span class='ocrx_word' id='word_1_337' title='bbox 1043 3638 1150 3692; x_wconf 84' lang='lat' dir='ltr'><strong>motus</strong></span> <span class='ocrx_word' id='word_1_338' title='bbox 1173 3627 1261 3692; x_wconf 91' lang='lat' dir='ltr'><strong>initio</strong></span> 
     </span>
    </p>

    <p class='ocr_par' dir='ltr' id='par_1_16' title="bbox 96 3711 1261 3881">
     <span class='ocr_line' id='line_1_42' title="bbox 96 3711 1261 3799; baseline 0.003 -25"><span class='ocrx_word' id='word_1_339' title='bbox 96 3731 113 3781; x_wconf 84' lang='lat' dir='ltr'><strong>a</strong></span> <span class='ocrx_word' id='word_1_340' title='bbox 133 3720 166 3775; x_wconf 91' lang='lat' dir='ltr'><strong>et</strong></span> <span class='ocrx_word' id='word_1_341' title='bbox 188 3712 278 3776; x_wconf 88' lang='lat' dir='ltr'><strong>exitu</strong></span> <span class='ocrx_word' id='word_1_342' title='bbox 300 3712 359 3776; x_wconf 89' lang='lat' dir='ltr'><strong>rei.</strong></span> <span class='ocrx_word' id='word_1_343' title='bbox 382 3711 424 3776; x_wconf 94' lang='lat' dir='ltr'><strong>ob</strong></span> <span class='ocrx_word' id='word_1_344' title='bbox 448 3713 530 3778; x_wconf 87' lang='lat' dir='ltr'><strong>haec</strong></span> <span class='ocrx_word' id='word_1_345' title='bbox 551 3714 590 3779; x_wconf 91' lang='lat' dir='ltr'><strong>iis</strong></span> <span class='ocrx_word' id='word_1_346' title='bbox 612 3715 860 3780; x_wconf 87' lang='lat' dir='ltr'><strong>advenientibus</strong></span> <span class='ocrx_word' id='word_1_347' title='bbox 882 3716 1006 3799; x_wconf 83' lang='lat' dir='ltr'><strong>gratiae</strong></span> <span class='ocrx_word' id='word_1_348' title='bbox 1029 3722 1132 3778; x_wconf 85' lang='lat' dir='ltr'><strong>actae.</strong></span> <span class='ocrx_word' id='word_1_349' title='bbox 1151 3712 1261 3778; x_wconf 88' lang='lat' dir='ltr'><strong>Icilius</strong></span> 
     </span>
     <span class='ocr_line' id='line_1_43' title="bbox 120 3796 1260 3881; baseline 0.005 -21"><span class='ocrx_word' id='word_1_350' title='bbox 120 3817 188 3881; x_wconf 85' lang='lat' dir='ltr'><strong>pro</strong></span> <span class='ocrx_word' id='word_1_351' title='bbox 210 3796 421 3864; x_wconf 87' lang='lat' dir='ltr'><strong>multitudine</strong></span> <span class='ocrx_word' id='word_1_352' title='bbox 454 3799 558 3865; x_wconf 87' lang='lat' dir='ltr'><strong>verba</strong></span> <span class='ocrx_word' id='word_1_353' title='bbox 586 3799 671 3872; x_wconf 76' lang='lat' dir='ltr'><strong>lauit</strong></span> <span class='ocrx_word' id='word_1_354' title='bbox 704 3801 805 3868; x_wconf 35' lang='lat' dir='ltr'><strong>idem*</strong></span> <span class='ocrx_word' id='word_1_355' title='bbox 833 3823 909 3865; x_wconf 90' lang='lat' dir='ltr'><strong>cum</strong></span> <span class='ocrx_word' id='word_1_356' title='bbox 940 3799 982 3864; x_wconf 89' lang='lat' dir='ltr'><strong>de</strong></span> <span class='ocrx_word' id='word_1_357' title='bbox 1014 3799 1260 3868; x_wconf 89' lang='lat' dir='ltr'><strong>condicionibus</strong></span> 
     </span>
    </p>
   </div>
   <div class='ocr_carea' id='block_1_3' title="bbox 0 0 1374 4146">
    <p class='ocr_par' dir='ltr' id='par_1_17' title="bbox 0 0 1374 4146">
     <span class='ocr_line' id='line_1_44' title="bbox 0 0 1374 4146; baseline 0 5"><span class='ocrx_word' id='word_1_358' title='bbox 0 0 1374 4146; x_wconf 95' lang='lat' dir='ltr'><strong> </strong></span> 
     </span>
    </p>
   </div>
  </div>
 </body>
</html>
